1747 2865
693 89 849 113 TRAGICI
874 89 1025 112 INCERTI
1519 86 1570 131 80

605 266 840 304 TRAGICI
871 266 1105 304 INCERTI

171 363 191 395 1
254 356 292 407 (2
326 357 437 394 Είόὂ.
459 355 568 407 trag.)
600 353 720 394 foede
751 363 967 406 stupreque
998 353 1166 406 cestigor
1196 353 1343 394 cotidie

166 417 190 452 2
252 413 310 465 (3)
381 410 525 464 topper
555 415 739 451 fortunae
770 409 1068 451 commutantur
1098 409 1326 451 hominibus

168 475 192 511 3
224 469 311 522 (17)
381 466 513 508 omnis
543 471 720 520 aequalis
751 467 939 508 vincebat
970 466 1223 520 quinquertio

167 532 191 566 4
224 527 293 579 (18
306 527 360 578 ss)
382 541 406 565 o
436 524 574 565 sancte
604 528 762 577 Apollo,
810 528 878 577 qui
918 523 1148 564 umbilicum
1188 523 1341 565 certum
1381 534 1571 565 terrarum

1347 580 1514 634 optines,

382 636 492 679 {inde
523 636 795 690 superstitiosa
824 642 995 690 primum
1026 637 1147 678 saeva
1178 642 1302 679 evasit
1332 638 1412 678 vox
1442 643 1544 679 fera!

167 704 190 737 ε’)
223 699 234 744 ζ
242 709 290 746 23
305 697 339 748 s)
380 694 596 747 postquam
626 699 697 735 abs
729 705 779 743 te,
811 699 1074 748 Agamemno,
1107 694 1149 735 ut
1179 704 1222 735 ut
1242 699 1418 736 venirem
1449 695 1574 748 tetigit

1198 768 1312 793 aures
1343 751 1515 800 nuntius,

382 807 583 861 extemplo
614 807 794 849 instituta
826 812 939 849 omisi
970 844 995 850 -
1015 833 1044 849 υ
1064 844 1090 849 -
1109 832 1138 849 o
1157 845 1183 850 -
1202 835 1230 849 0
1250 845 1275 850 -

378 881 954 918 -υ-υ-υ-υ-υ..911ειε
984 865 1153 907 iusseras

381 921 538 963 edolavi

166 989 218 1023 5a
249 982 335 1035 (26)
385 983 464 1020 iam
496 979 788 1020 domuitionem
820 979 931 1032 reges
963 979 1128 1020 Atridae
1159 989 1301 1032 parant

166 1045 190 1080 6
222 1039 310 1091 (28)
379 1041 491 1089 quod
521 1036 597 1077 nisi
629 1040 784 1089 quieris,
817 1036 1016 1085 Menelae‚
1047 1040 1122 1077 hac
1153 1041 1293 1077 dextra
1324 1036 1483 1077 occides

169 1102 188 1137 7
223 1097 294 1148 (30
305 1096 339 1148 s)
379 1094 474 1134 nam
505 1098 666 1146 sapiens
697 1092 828 1134 virtuti
849 1097 1045 1134 honorem
1068 1093 1302 1146 praemium,
1324 1097 1434 1133 haud
1456 1109 1572 1146 prae-

1279 1150 1374 1191 dem
1405 1155 1513 1203 petit.

380 1207 440 1248 set
471 1211 567 1260 quid
598 1211 745 1248 video?
782 1207 885 1248 ferro
916 1217 1076 1260 saeptus
1106 1207 1287 1260 possidet
1314 1207 1421 1248 sedis
1443 1223 1573 1249 sacras

166 1273 188 1308 8
222 1267 308 1319 (34)
379 1264 453 1313 itis,
484 1268 631 1317 paratis
664 1264 774 1305 erma
806 1280 926 1317 quam
957 1263 1141 1317 primfim,
1172 1268 1270 1305 viri?

166 1330 190 1365 9
224 1324 311 1376 (35)
382 1321 515 1362 Βὲῑῃεί
546 1325 613 1374 qui
644 1321 789 1374 parent
820 1325 979 1371 Atridis,
1012 1322 1134 1374 quem
1165 1325 1336 1374 primum
1367 1337 1477 1362 arma
1506 1321 1572 1362 su-

1400 1382 1516 1419 mite!

139 1444 188 1478 10
222 1438 338 1490 (408)
994 1436 1165 1488 inploret
1196 1439 1319 1476 fidem

379 1496 485 1533 Iovis
516 1492 734 1545 hospitalis,
767 1493 910 1534 Greios
942 1497 1072 1534 omnis
1104 1492 1302 1533 convocat

139 1559 188 1592 11
223 1552 291 1604 (47
304 1552 338 1604 s)
379 1549 510 1598 video,
541 1554 660 1590 video
692 1559 751 1590 te:
784 1549 884 1598 vive,
916 1553 1062 1598 Vlixes,
1095 1549 1192 1590 dom
1222 1554 1337 1590 licet:

378 1606 502 1647 oculis
532 1616 779 1659 postremum
811 1606 946 1647 lumen
977 1606 1175 1647 radiatum
1206 1611 1320 1659 rape!

139 1671 188 1706 12
221 1665 291 1718 (49
305 1665 357 1718 ss)
380 1663 517 1716 aperte
548 1669 652 1704 fatur
682 1663 817 1712 dictio,
849 1668 879 1704 si
910 1663 1133 1717 intellegas:

379 1720 448 1761 tali
479 1725 564 1761 dari
594 1737 715 1769 arma,
747 1721 873 1774 qualis
904 1725 970 1773 qui
999 1721 1120 1774 gessit
1150 1725 1232 1769 fuit,

377 1777 497 1827 iubet,
528 1782 644 1830 potiri
674 1778 707 1819 si
739 1782 971 1819 studeamus
1004 1778 1252 1831 Pergamum.

138 1892 150 1913 ι
180 1883 272 1913 Fest.
290 1889 354 1922 317
381 1882 475 1913 Paul.
496 1882 587 1913 Fest.
607 1881 672 1922 316
714 1882 857 1921 <Nelei
883 1893 992 1913 earm
1005 1884 1063 1921 en)
1105 1880 1282 1923 ‘turpiter'
1351 1892 1371 1912 2
1396 1883 1487 1913 Fest.
1507 1890 1571 1923 352

135 1927 244 1959 Gloss.
262 1928 297 1958 V
315 1934 378 1968 527
418 1925 504 1959 ‘cito'
575 1937 596 1965 3
620 1928 712 1959 Fest.
733 1935 795 1968 257
839 1929 1020 1966 <incerta
1046 1928 1204 1958 incerti
1232 1928 1390 1968 tragici
1416 1928 1571 1966 fabula)

135 1971 319 2017 πεντάθλῳ
457 1982 480 2010 4
504 1973 571 2004 Cic.
598 1974 664 2004 div.
692 1981 721 2009 2,
752 1981 811 2014 115
852 1982 863 2003 Ι
882 1974 1036 2004 :Varn
1055 1974 1133 2014 ling.
1154 1980 1184 2012 7,
1206 1980 1243 2012 17
1313 1982 1325 2003 1
1353 1975 1478 2004 obsides
1503 1973 1571 2004 Cic.

135 2023 265 2059 praeter
288 2019 401 2050 Vrsin.
453 2027 469 2049 2
490 2020 574 2061 fera
598 2019 649 2049 ll.:
665 2021 775 2059 foras
800 2019 921 2050 Gruter
1002 2028 1023 2056 5
1049 2019 1116 2050 Cic.
1134 2020 1208 2049 Att.
1234 2027 1283 2058 13,
1302 2026 1341 2059 47
1369 2019 1410 2050 cf.
1428 2017 1573 2050 Skutsch

135 2064 224 2094 Mus.
243 2063 358 2095 Rhen.
378 2063 417 2095 61
448 2063 558 2103 (1906)
586 2064 649 2103 617
664 2075 697 2095 ss
758 2073 769 2094 1
793 2069 1017 2106 posteaquam
1043 2064 1111 2096 Cic.
1148 2076 1215 2095 non
1240 2069 1282 2095 ut
1305 2076 1347 2101 v.‚
1368 2088 1374 2094 .
1396 2089 1402 2095 .
1423 2089 1428 2094 .
1453 2066 1512 2095 sed
1534 2069 1575 2095 ut

133 2112 313 2141 scriberem
327 2114 381 2140 tet.
397 2122 426 2141 α.
443 2121 474 2140 n.
490 2109 558 2140 Cic.
598 2118 614 2139 2
633 2113 743 2147 omisi,
753 2122 791 2141 ea
804 2122 891 2151 quae
905 2113 941 2141 z'n
956 2113 1115 2141 manibus
1127 2112 1299 2147 habebam,
1317 2112 1430 2147 obieci,
1445 2112 1538 2151 quod
1549 2113 1569 2141 ί.

137 2154 204 2185 Cic.
268 2164 310 2192 5a
335 2155 440 2186 Rhet.
459 2156 542 2185 Her.
561 2163 592 2195 3,
611 2163 654 2196 34
680 2156 755 2195 (bis)
795 2158 890 2186 domi
910 2157 1075 2187 ultionem
1100 2156 1150 2186 bis
1168 2155 1200 2185 ll.
1272 2158 1296 2186 6
1319 2156 1395 2187 Sen.
1414 2156 1510 2196 epist.
1529 2155 1571 2186 80

137 2209 156 2236 7
182 2199 250 2231 Cic.
271 2200 313 2231 de
330 2206 411 2231 orat.
431 2209 461 2240 3,
484 2208 543 2230 102
588 2209 604 2231 2
630 2206 664 2232 et
687 2203 780 2243 quid,
805 2203 925 2243 ecquid
947 2212 976 2231 v.
1003 2201 1023 2232 l.
1095 2204 1117 2232 8
1140 2201 1261 2242 Pomp.
1281 2201 1342 2231 GL
1359 2201 1393 2231 V
1413 2207 1487 2240 237.
1508 2209 1567 2240 291

136 2246 224 2276 Don.
245 2245 307 2277 GL
323 2246 377 2276 IV
396 2254 462 2286 394
569 2256 592 2283 9
615 2247 736 2288 Pomp.
755 2252 788 2277 et
803 2247 891 2277 Don.
912 2247 944 2277 ll.
964 2257 1008 2277 cc.
1035 2247 1178 2288 Explan.
1197 2247 1230 2277 in
1248 2247 1337 2277 Don.
1356 2246 1418 2277 GL
1435 2247 1487 2277 IV
1508 2245 1571 2287 564

135 2293 248 2322 atrz'dz'
271 2292 350 2331 (ve,
376 2291 436 2330 -esj
462 2302 492 2322 v.
518 2291 538 2322 l.
587 2294 679 2333 quod
695 2295 855 2333 primum
881 2295 917 2323 in
941 2303 971 2322 v.
998 2292 1018 2322 l.
1101 2301 1143 2323 ιο
1166 2292 1235 2323 Cic.
1250 2292 1292 2323 ad
1310 2292 1351 2333 Q.
1371 2292 1409 2322 fr.
1430 2300 1459 2329 2,
1485 2301 1533 2329 10,
1552 2300 1570 2332 3

140 2347 151 2369 1
170 2347 184 2367 s
203 2338 354 2378 inploret
369 2342 403 2368 et
420 2342 574 2368 convocet
590 2337 658 2368 Cic.
731 2347 765 2368 ιι
796 2337 864 2368 Cic.
883 2348 929 2368 ac.
950 2346 980 2375 2,
998 2337 1040 2378 89
1062 2341 1097 2375 —{-
1119 2338 1161 2369 de
1178 2343 1260 2369 orat.
1279 2346 1310 2377 3,
1335 2337 1395 2368 162
1443 2347 1453 2368 1
1478 2340 1572 2368 video

138 2387 168 2413 te
190 2384 296 2419 video,
321 2394 353 2412 v.
379 2381 488 2413 Bothe
536 2385 657 2414 vivum
681 2393 728 2413 ac.
754 2382 786 2413 ll.
828 2383 917 2414 Aiax
943 2384 1090 2424 loquitur
1185 2393 1224 2414 12
1250 2383 1356 2414 Rhet.
1375 2383 1457 2415 Her.
1478 2392 1508 2421 2,
1528 2391 1570 2424 42

136 2433 169 2458 et
193 2427 275 2459 haec
292 2428 406 2458 Aiacis
431 2428 532 2459 verba
548 2429 644 2459 Accii
661 2430 843 2459 Armorum
864 2429 988 2459 iudicio
1006 2429 1214 2460 inseruerunt
1233 2434 1266 2459 et
1284 2429 1468 2469 fragmenta
1487 2439 1572 2470 quae

135 2479 291 2505 secuntur
327 2481 376 2512 13.
406 2482 456 2514 14,
504 2474 568 2504 nisi
600 2474 691 2514 quod
724 2474 784 2515 frg.
819 2482 856 2514 13
894 2475 1042 2505 Pacuvio
1073 2474 1207 2505 ascribit
1241 2476 1338 2505 Marx
1389 2483 1402 2504 1
1429 2486 1463 2506 se
1497 2485 1571 2515 pars

135 2519 244 2556 codd.‚
268 2519 357 2550 unde
382 2522 433 2550 sei
445 2519 542 2549 Marx
585 2527 601 2549 2
617 2529 631 2549 s
658 2521 738 2550 talis
751 2522 836 2561 fuit
860 2523 950 2551 iubet
967 2522 1033 2551 toli
1046 2522 1130 2551 dari
1144 2532 1246 2551 arma
1263 2522 1377 2562 qualis
1393 2523 1458 2562 qui
1466 2523 1573 2562 gessit

132 2567 212 2605 fuit
238 2565 306 2595 duo
331 2574 348 2595 e
372 2574 472 2596 corn:
507 2569 530 2595 t.
556 2567 587 2596 d.
613 2576 644 2596 a.
670 2577 700 2606 q.
728 2566 786 2596 z'lle
809 2577 840 2607 q.
861 2577 897 2608 g.
925 2567 1004 2597 talis
1018 2567 1104 2608 sust
1126 2576 1230 2597 unus:
1266 2567 1334 2597 tals
1355 2566 1469 2606 (talss)
1492 2568 1572 2607 fust

136 2610 256 2641 mediis
280 2611 412 2641 omissis
436 2610 505 2641 rell.
547 2618 564 2650 3
586 2615 752 2653 pergamo
777 2621 851 2652 pars
877 2611 973 2642 codd.
