1747 2865
548 121 779 144 SATVRARVM
828 121 925 143 LIBRI
952 120 1104 143 INCERTI
1468 126 1540 164 145

109 235 190 270 590
222 229 349 280 (1294
363 228 397 279 s)
437 261 464 267 -
483 261 509 267 -
529 229 713 266 servandi
744 228 897 265 numeri
929 234 968 265 et
998 239 1132 265 versus
1163 228 1346 272 faciendi,

437 298 511 323 nos
552 285 661 323 Caeli
701 285 868 322 Numeri
909 297 1118 321 numerum
1149 290 1193 321 ut
1223 296 1424 321 servemus
1456 297 1542 321 mo-

1308 342 1488 390 dumque

109 405 189 440 591
222 399 367 450 (1314)
437 405 521 436 tum
562 399 731 436 lateralis
766 399 891 443 dolor,
934 399 1173 435 certissimus
1214 398 1375 435 nuntius
1407 398 1544 435 mortis

108 461 189 496 592
223 455 350 507 (1319
364 456 397 505 s)
1178 456 1283 492 velut
1314 456 1407 492 olim

436 524 587 561 auceps
618 512 680 549 ille
710 513 803 549 facit
834 512 946 556 clam,
977 512 1178 561 inproviso
1210 512 1440 561 insidiisque

109 575 190 610 593
223 569 367 620 (1323)
438 570 614 614 vicimus,
643 581 668 606 0
689 570 795 614 socii,
819 575 857 605 et
879 581 1063 617 magnam
1085 569 1348 618 pugnavimus
1368 580 1544 618 pugnam

108 631 190 666 594
223 625 350 676 (1326
364 625 417 675 ss)
441 626 571 671 virtus,
604 626 759 670 Albine,
791 631 860 670 est,
892 626 1061 674 pretium
1091 626 1316 674 persolvere
1351 638 1488 663 verum

439 683 525 732 quis
566 683 607 719 in
647 695 858 727 versamur,
899 683 986 731 quis
1018 683 1185 719 vivimus
1214 684 1341 727 rebus,
1372 689 1544 732 potesse,

438 740 558 777 virtus
576 746 645 784 est,
663 740 815 776 homini
827 740 976 776 scireid
991 740 1102 788 quod
1119 751 1303 788 quaeque
1314 740 1462 776 habeat
1472 752 1544 784 res,

437 797 566 842 virtus,
579 797 687 841 scire,
698 797 850 833 homini
861 802 1022 841 rectum,
1035 797 1128 833 utile
1141 796 1237 845 quid
1247 797 1306 840 sit,
1319 797 1544 840 honestum,

436 866 539 902 quae
570 854 688 898 bona,
720 866 824 902 quae
854 854 957 890 mala
988 854 1093 898 item,
1126 854 1221 902 quid
1243 854 1389 898 inutile,
1420 860 1544 902 turpe,

1216 911 1484 955 inhonestum,

437 968 556 1003 virtus
593 968 850 1016 quaerendae
881 968 1005 1003 finem
1035 980 1076 1004 re
1107 968 1205 1004 scire
1228 968 1486 1017 modumque,

438 1025 560 1061 virtus
592 1024 734 1061 divitiis
766 1024 936 1073 pretium
968 1024 1195 1072 persolvere
1225 1036 1355 1073 posse,

440 1082 561 1118 virtus
592 1081 632 1117 id
663 1082 758 1117 dare
790 1081 900 1130 quod
932 1093 974 1118 re
1004 1081 1090 1129 ipsa
1121 1082 1290 1118 debetur
1319 1081 1473 1126 honori,

438 1138 597 1175 hostem
620 1150 705 1175 esse
726 1144 846 1187 atque
863 1138 1065 1174 inimicum
1083 1138 1291 1174 hominum
1308 1150 1546 1187 morumque

1282 1195 1487 1240 malorum,

438 1257 575 1288 contra
591 1252 845 1289 defensorem
863 1251 1071 1288 hominum
1084 1264 1324 1300 morumque
1334 1253 1543 1296 bonorum,

438 1309 512 1345 hos
529 1309 661 1358 magni
673 1309 815 1353 facere,
832 1309 892 1345 his
904 1309 1008 1345 bene
1021 1309 1130 1353 velle,
1148 1308 1207 1345 his
1220 1309 1350 1346 vivere
1362 1310 1545 1353 amicum,

438 1366 653 1402 commoda
683 1372 891 1414 praeterea
921 1366 1059 1414 patriai
1090 1366 1218 1414 prima
1247 1372 1399 1414 putare,

439 1423 587 1459 deinde
617 1428 839 1471 parentum,
870 1423 984 1459 tertia
1004 1423 1083 1459 iam
1105 1429 1389 1471 postremaque
1410 1429 1546 1460 nostra

111 1484 193 1519 595
225 1478 369 1529 (1340)
441 1480 498 1516 vis
539 1486 598 1516 est
639 1480 728 1524 vita,
771 1480 891 1524 vides,
923 1480 979 1516 vis
1011 1491 1084 1517 nos
1116 1480 1246 1516 facere
1277 1481 1412 1517 omnia
1443 1481 1546 1529 cogit

112 1540 193 1575 596
226 1534 350 1586 (1342
366 1534 399 1586 s)
441 1548 523 1573 uno
555 1537 684 1584 oculo,
714 1537 967 1585 pedibusque
998 1537 1167 1582 duobus,
1199 1537 1427 1574 dimidiatus

439 1599 482 1630 ut
512 1605 656 1642 porcus

111 1654 189 1689 59?
226 1648 369 1700 (1347)
440 1656 482 1686 ut
522 1650 700 1699 petimen
742 1662 840 1687 naso
876 1656 944 1687 aut
975 1650 1133 1688 lumbos
1165 1652 1382 1688 cervicibus
1413 1657 1547 1700 tangat

110 1767 190 1803 598
224 1766 349 1813 (1375
363 1762 396 1813 s)
1057 1765 1249 1813 Sisyphus
1280 1771 1410 1802 versat

439 1832 579 1857 saxum
611 1822 762 1857 sudans
793 1821 962 1858 nitendo
993 1833 1128 1870 neque
1158 1822 1315 1870 proficit
1345 1823 1468 1858 hilum

109 1918 178 1947 590
193 1908 293 1940 Char.
308 1909 370 1941 GL
383 1910 400 1939 I
416 1909 456 1948 78
492 1910 533 1940 cf.
552 1909 613 1941 GL
633 1911 702 1940 VII
722 1909 785 1940 206
819 1909 915 1943 (libro
933 1911 1053 1940 XXX
1078 1916 1155 1951 post
1171 1921 1201 1940 v.
1226 1911 1308 1949 1078
1344 1911 1458 1942 tribuit
1474 1912 1545 1949 Ma)

115 1963 128 1985 1
144 1965 160 1985 s
183 1959 217 1986 et
237 1973 279 1977 —
299 1957 455 1986 Numeri
474 1955 591 1986 Dousa
608 1966 626 1986 e
643 1955 760 1986 Colon.
779 1955 971 1996 deperdito:
997 1966 1052 1986 om
1070 1956 1104 1986 N
1147 1964 1164 1986 2
1191 1959 1395 1998 modumque
1411 1957 1544 1987 Dousa:

110 1999 277 2041 perierunt
293 2001 328 2030 in
344 2001 391 2038 N,
409 2001 469 2031 sed
485 2012 550 2042 que
567 2001 646 2041 legit
663 2000 803 2032 Charisii
822 2001 931 2031 editor
947 2001 1110 2042 princeps.
1137 2003 1282 2032 numeris
1301 2010 1333 2033 et
1349 2003 1546 2032 necessitate

109 2050 242 2076 coactus
267 2046 422 2086 genetivo
447 2048 560 2086 posuit
585 2056 661 2077 casu
685 2056 809 2076 nomen
833 2047 929 2077 amici
955 2052 1065 2087 poeta,
1091 2047 1183 2088 quod
1207 2048 1269 2078 nisi
1292 2048 1446 2087 genetivo
1470 2057 1547 2078 casu

110 2094 144 2121 et
174 2091 326 2122 vocativo
357 2092 503 2122 numeris
533 2091 683 2132 adaptari
714 2101 783 2122 non
813 2097 943 2132 poterat
977 2093 1057 2131 (Ma)
1174 2101 1235 2130 59ι
1266 2093 1356 2123 Max.
1382 2093 1545 2123 Victorin.

112 2135 174 2167 GL
189 2136 244 2166 VI
263 2142 325 2175 217
375 2136 587 2167 collocandus
612 2137 632 2167 l.
657 2137 692 2167 V
717 2142 803 2178 post.
828 2147 858 2167 v.
890 2145 951 2176 190
1043 2147 1110 2175 592
1135 2138 1226 2169 Serv.
1244 2143 1329 2169 auct.
1347 2140 1435 2169 Aen.
1459 2147 1508 2175 12,
1527 2146 1544 2179 5

115 2189 128 2211 1
148 2182 213 2212 olli
224 2180 257 2212 ll.
296 2189 313 2211 2
328 2183 436 2213 clam:
453 2193 541 2219 cum,
555 2194 632 2213 eum
645 2181 678 2213 ll.
727 2191 794 2220 593
813 2183 902 2213 Don.
917 2183 992 2213 Ter.
1006 2183 1094 2214 Eun.
1112 2182 1199 2223 ²899
1223 2184 1292 2214 Ad.
1313 2182 1399 2224 ἱ’843
1424 2184 1465 2214 cf.
1481 2183 1546 2224 859

111 2229 201 2257 ocius
224 2225 277 2256 vel
301 2237 318 2257 o
341 2229 428 2258 cives
447 2226 561 2258 Don.‘²
590 2233 750 2269 pugnam
775 2228 818 2258 ad
834 2238 903 2259 rem
918 2228 1106 2259 Veneream
1131 2234 1279 2270 spectare
1303 2230 1440 2270 exponit
1456 2230 1545 2260 Don.

112 2280 178 2309 594
194 2272 288 2302 Lact.
305 2272 383 2303 inst.
403 2271 432 2310 6,
453 2279 482 2313 5,
502 2281 519 2302 2
557 2272 577 2303 6
592 2274 740 2304 :Lact.
759 2273 835 2304 inst.
857 2281 886 2314 5,
904 2274 935 2311 6,
956 2280 971 2312 7
1016 2280 1032 2313 7
1048 2289 1091 2300 =
1107 2282 1136 2315 5,
1154 2274 1185 2312 6,
1208 2283 1247 2305 10
1293 2283 1330 2304 12
1346 2289 1388 2300 :z
1404 2282 1433 2315 5,
1454 2273 1485 2312 6,
1507 2274 1545 2305 18

112 2316 188 2356 (hoc
211 2317 453 2358 amplissimum
479 2318 575 2358 frgm.
600 2319 847 2349 attnbuendum
866 2319 950 2350 libro
967 2320 1079 2350 XVII
1099 2325 1175 2361 post
1193 2321 1268 2361 551)
1314 2328 1325 2350 1
1355 2321 1428 2361 quis
1447 2320 1547 2351 fuerit

110 2362 256 2393 Albinus
281 2363 345 2393 iste
369 2373 470 2404 quem
494 2369 531 2394 ut
555 2374 690 2394 avarum
706 2363 877 2394 hominem
899 2371 999 2406 poeta
1016 2366 1154 2406 castigat
1171 2375 1238 2395 non
1255 2365 1367 2406 liquet.
1393 2366 1434 2396 cf.
1453 2365 1545 2397 Cich.

113 2416 177 2448 349
187 2417 220 2438 ss
259 2406 279 2438 6
305 2411 359 2439 νεῖ
380 2408 431 2440 ll.:
458 2418 511 2439 em
532 2409 669 2440 Lachm.
714 2418 725 2439 1
738 2418 749 2439 1
771 2412 1025 2453 magnifacere
1041 2411 1164 2441 Paris:
1191 2415 1299 2453 magis
1304 2413 1427 2454 facere
1442 2421 1544 2442 unus:

113 2454 334 2496 mag-nzficare
358 2453 426 2484 rell.
479 2462 517 2484 12
537 2457 677 2496 patriae
700 2454 732 2486 n.
831 2464 897 2493 595
922 2456 1018 2486 Varr.
1038 2456 1113 2497 ling.
1133 2463 1163 2496 5,
1181 2456 1222 2495 63
1321 2460 1388 2494 596
1412 2456 1496 2488 Gen.
1514 2465 1546 2496 3,

117 2507 166 2540 14,
184 2498 203 2530 8
248 2498 344 2538 (libro
360 2499 436 2530 XV
461 2500 640 2537 tribuendi,
664 2505 741 2541 post
766 2510 795 2530 v.
813 2500 890 2541 483)
944 2509 955 2531 1
984 2503 1173 2539 dz'mzdz'tus,
1199 2504 1362 2533 dimidius
1380 2502 1413 2533 ll.
1449 2503 1546 2543 signi-

112 2544 201 2575 ficari
225 2544 358 2575 videtur
382 2544 525 2586 Cyclops
588 2555 654 2583 597
678 2546 769 2576 Fest.
791 2553 854 2585 209
901 2543 1064 2578 ‘laudatur
1089 2547 1163 2588 equi
1188 2554 1287 2588 eaput
1311 2548 1422 2584 breve,
1446 2549 1547 2579 ardua

111 2587 231 2620 cervix’
324 2592 392 2627 598
416 2590 484 2621 Cic.
506 2591 604 2622 Tusc.
627 2599 654 2629 1,
677 2599 718 2622 10
741 2592 832 2622 Non.
857 2600 929 2623 121.
947 2599 1012 2633 353
1060 2594 1233 2635 sisyphius
1257 2593 1289 2623 ll.
1337 2599 1394 2624 aut
1417 2593 1547 2625 Lucilio

114 2635 280 2666 tribuendi
304 2641 362 2667 aut
386 2636 497 2667 Ennio

182 2694 310 2725 Diehl.
329 2695 484 2722 Poetarum
505 2696 702 2722 Romanorum
721 2700 847 2723 veterum
866 2697 930 2724 rell.
1303 2704 1342 2726 Io

1566 1267 1596 1283 10
