1747 2865
206 123 218 148 1
230 112 280 148 28
807 112 838 135 c.
864 111 1028 134 chnva

199 226 281 262 336
315 221 429 272 (681)
501 217 683 264 cribrum,
714 214 1008 263 incerniculum‚
1044 218 1257 263 lucernam,
1297 219 1338 254 in
1377 214 1551 264 laterem,
1592 219 1633 255 in

1292 275 1411 312 telam
1442 271 1575 312 licium

199 341 279 376 337
315 335 409 386 (682
426 337 459 385 5)
503 330 779 382 depoclassere
809 329 941 380 aliqua
962 344 1124 380 sperans
1146 328 1210 368 me
1232 345 1278 369 ac
1299 329 1633 380 deargentassere,

502 386 802 433 decalauticare,
834 390 988 426 eburno
1019 384 1181 437 speculo
1213 385 1533 437 despeculassere

201 454 282 489 338
317 448 413 497 (684
428 447 461 498 5)
504 447 591 484 ferri
632 453 797 491 tantum,
845 442 876 483 si
916 452 1026 494 roget
1066 458 1140 490 me,
1181 442 1264 482 non
1296 447 1399 489 dem,
1441 451 1634 494 quantum

1360 498 1445 538 auri
1466 502 1575 550 petit.

500 557 532 598 si
563 561 767 604 secubitet,
804 555 859 596 sic
890 571 1053 607 quoque
1083 572 1107 596 a
1137 572 1213 604 me,
1256 555 1358 607 quae
1390 565 1511 608 roget,
1552 572 1634 596 non

1393 612 1577 664 impetret

202 680 283 715 339
317 674 432 725 (686)
504 671 584 724 qua
633 680 795 723 propter
844 669 970 711 deliro
1016 679 1055 709 et
1085 674 1218 722 cupidi
1265 669 1441 710 officium
1494 673 1635 722 fungor

1408 729 1574 766 liberum

199 794 279 829 340
313 788 411 839 (688
425 788 458 832 5)
501 785 584 825 rem
616 789 751 837 populi
782 783 907 824 salute
939 794 977 824 et
1007 787 1105 824 fictis
1137 783 1312 824 versibus
1345 782 1529 830 Lucilius,

500 841 645 894 quibus
677 851 818 893 potest,
851 840 1020 893 inpertit,
1051 850 1262 892 totumque
1294 839 1371 880 hoc
1397 844 1573 880 studiose
1595 849 1634 880 et

1435 896 1575 937 sedulo

198 965 278 1001 341
314 959 429 1010 (690)
501 955 701 1009 proferam
743 971 815 1008 ego
856 959 946 1003 iam,
989 954 1118 995 vester
1148 958 1247 995 ordo
1279 953 1427 994 scelera
1458 969 1562 1005 quae
1594 957 1633 992 in

1296 1026 1338 1051 se
1368 1013 1575 1050 admiserit

415 1073 427 1124 )
499 1069 539 1110 et
568 1074 609 1118 si,
647 1068 819 1110 maxime
851 1073 962 1120 quod
993 1083 1122 1120 spero,
1153 1066 1334 1107 mutuum
1366 1071 1444 1108 hoc
1474 1066 1632 1107 mecum

1482 1127 1576 1164 facis

416 1187 428 1238 )
499 1184 582 1224 rem
615 1199 831 1236 cognoscas
863 1185 990 1232 simul,
1022 1191 1061 1222 et
1092 1185 1205 1222 dictis
1237 1181 1415 1221 animum
1436 1185 1632 1221 adtendas

1416 1237 1574 1290 postulo

197 1307 279 1342 344
313 1301 429 1352 (694)
502 1297 611 1350 quod
642 1303 672 1338 si
709 1301 897 1337 observas
922 1296 1139 1344 hominem,
1172 1295 1297 1350 qui(d)
1320 1310 1392 1347 pro
1414 1294 1632 1335 commodo

1203 1361 1242 1392 et
1272 1367 1394 1404 regno
1425 1350 1577 1392 audeat

413 1414 425 1465 )
499 1412 567 1452 aut
598 1416 708 1463 quod
739 1415 917 1451 animum
949 1408 1105 1450 induxit
1134 1413 1257 1450 semel
1289 1419 1327 1449 et
1348 1408 1443 1448 utile
1465 1407 1629 1449 omnino

1462 1475 1574 1517 putat

196 1534 277 1569 346
311 1528 408 1579 (696
497 1525 607 1578 quod
648 1529 678 1565 si
715 1523 913 1577 paulisper
948 1534 1107 1576 captare
1137 1533 1259 1575 atque
1290 1522 1501 1563 observare
1532 1526 1631 1562 haec

1405 1578 1573 1619 volueris

197 1648 275 1683 347
311 1643 426 1693 (697)
497 1639 528 1679 si
570 1655 652 1680 non
685 1649 818 1679 tamen
850 1643 902 1678 ad
933 1637 973 1678 te
1004 1642 1082 1678 hoc
1113 1640 1265 1685 redibit,
1298 1636 1339 1676 tu
1372 1640 1448 1676 hoc
1480 1640 1629 1676 carebis

1355 1693 1571 1733 commodo

197 1762 277 1797 348
312 1756 427 1807 (698)
499 1753 635 1793 metuo
667 1763 709 1793 ut
739 1756 820 1793 fieri
852 1752 995 1805 possit:
1029 1767 1121 1804 ergo
1154 1750 1350 1806 <anti)quo
1372 1754 1423 1790 ab
1446 1753 1628 1790 Arciloco

1429 1806 1570 1846 excido

195 1875 275 1910 :349
310 1871 424 1920 (699)
468 1867 508 1907 re
539 1871 579 1907 in
611 1871 786 1908 secunda
818 1866 954 1907 tollere
985 1870 1151 1914 animos,
1193 1864 1233 1904 in
1274 1869 1378 1905 mala
1418 1863 1628 1904 demittere

194 1998 260 2032 336
284 1997 373 2027 Non.
401 1996 442 2026 88
492 1997 573 2027 tales
605 2006 655 2026 res
690 1996 827 2026 maritus
858 1995 954 2026 huius
987 1995 1058 2025 aevi
1091 1994 1232 2024 libenter
1260 1992 1363 2023 veluti
1386 1993 1475 2034 apud
1503 1998 1628 2023 veteres

193 2043 348 2072 uxoribus
374 2042 613 2083 comparaverit
707 2051 771 2078 337
797 2042 888 2073 Non.
909 2048 949 2081 97
1000 2041 1041 2071 de
1065 2040 1223 2070 uxoribus
1248 2039 1436 2069 luxuriosis.
1477 2039 1520 2068 ad
1544 2039 1626 2078 sing.

192 2087 232 2116 cf.
262 2088 320 2117 Ma
346 2097 465 2119 comm.
492 2087 554 2128 248
578 2098 592 2118 s
669 2096 680 2117 1
716 2089 965 2128 depoculassere
999 2088 1134 2127 (ἅρμα.)
1169 2085 1250 2116 trad.
1317 2093 1333 2114 2
1367 2086 1401 2114 d
1399 2085 1629 2114 ›callautz'care

229 2135 380 2171 &collat—J
406 2144 436 2163 v.
462 2133 482 2164 l.
508 2135 715 2174 depeculassr
706 2145 761 2163 cre
784 2133 817 2163 ll
919 2136 986 2169 338
1010 2133 1102 2163 Non.
1129 2131 1207 2171 382.
1236 2130 1300 2170 366
1360 2138 1376 2159 2
1401 2133 1467 2161 sic:
1489 2141 1517 2160 sz
1544 2129 1625 2160 trad.

193 2186 259 2232 339
275 2179 365 2209 Non.
385 2178 422 2209 18
460 2176 509 2209 de
527 2184 614 2209 recto
632 2176 756 2209 decedo³
782 2181 903 2221 fungo
921 2185 949 2217 (—
951 2181 1007 2219 or)
1024 2180 1188 2208 ruberum
1202 2176 1283 2207 trad.
1333 2185 1433 2213 3401
1418 2176 1510 2206 Non.
1528 2174 1626 2214 308.

194 2222 269 2262 37,
297 2224 335 2254 28
375 2225 416 2254 cf.
445 2232 496 2264 37,
525 2233 565 2254 22
617 2224 739 2262 (liber
764 2224 958 2263 XXVII)
1019 2232 1031 2253 Ι
1060 2226 1140 2254 ztem
1166 2223 1295 2263 populz
1317 2222 1368 2252 ll.:
1404 2233 1475 2252 rem
1501 2222 1630 2262 populi

192 2269 330 2299 Lachm.
361 2270 452 2300 Cich.
481 2275 555 2311 (143
571 2271 631 2309 ss):
668 2275 698 2301 te
722 2272 826 2311 Poplz
858 2270 927 2307 Ma,
953 2270 1010 2310 qui
1043 2269 1085 2299 ad
1117 2268 1307 2309 Scipionem
1341 2267 1505 2298 Lucilium
1538 2265 1628 2296 hunc

192 2314 310 2345 librum
337 2316 505 2356 scripsisse
530 2322 642 2346 censet
681 2317 938 2357 salutemfiatz's
964 2317 1094 2359 (factzsss)
1120 2314 1211 2345 Non.
1223 2312 1236 2330 2
1259 2313 1421 2350 11.34ι
1451 2313 1542 2342 Non.
1560 2317 1626 2350 374

188 2363 351 2399 ptoferat
365 2373 445 2412 ergo
471 2361 553 2392 trad.
594 2359 878 2404 palamfacsam’
889 2362 1056 2402 proferat
1075 2358 1079 2401 Ι
1100 2371 1179 2402 ergo
1198 2362 1266 2390 iam
1287 2357 1396 2415 (ίαφη)
1425 2357 1516 2389 Cich.
1540 2355 1625 2396 1465

193 2410 302 2436 vester
318 2408 398 2437 ordo
416 2408 436 2436 i.
454 2412 592 2438 senatus
652 2416 717 2444 342
736 2407 825 2437 Non.
849 2407 909 2446 138
934 2407 975 2437 cf.
995 2406 1104 2437 Plaut.
1123 2406 1214 2436 Trin.
1231 2412 1295 2445 437
1313 2415 1328 2435 s
1368 2400 1511 2435 e’mutuo
1559 2409 1624 2438 343

194 2450 283 2481 Non.
310 2451 407 2491 328.
435 2450 519 2492 2275
576 2457 751 2494 cocrnoscat
776 2450 892 2482 Νοῐι.2
931 2453 1074 2493 postula
1098 2451 1189 2481 Non
1200 2449 1212 2467 ²
1352 2458 1419 2486 344
1442 2449 1532 2479 Non.
1558 2445 1624 2486 360

192 2491 329 2552 :anptas
364 2499 518 2539 gaudeat
536 2498 636 2538 fleas)
657 2498 739 2528 trad.
805 2506 871 2534 345
888 2498 979 2528 Non.
998 2505 1064 2537 330
1104 2501 1147 2527 ut
1164 2497 1221 2527 zlle
1238 2496 1319 2526 boni
1366 2497 1434 2532 346
1450 2494 1540 2524 Non.
1560 2497 1621 2531 275

192 2537 328 2580 ‘''capere
403 2551 469 2579 347
494 2543 585 2573 Non.
605 2543 670 2583 384
717 2545 838 2574 sinon
864 2542 999 2573 Lachm.
1048 2543 1177 2573 redz'vzt
1200 2541 1282 2572 trad.
1355 2543 1422 2577 348
1446 2539 1536 2569 Non.
1558 2544 1619 2577 301

192 2597 249 2626 ego
274 2597 302 2616 V.
330 2587 348 2616 l.
391 2584 600 2619 Archzlocln'
610 2593 831 2629 praeceptum
851 2589 966 2619 valere
981 2585 1084 2619 z'ubeo'
1121 2587 1162 2618 cf.
1180 2586 1306 2617 Archil.
1324 2586 1384 2626 frg.
1405 2584 1498 2624 74B.
1557 2591 1624 2619 349

195 2631 285 2661 Non.
307 2631 369 2662 286
416 2637 446 2663 et
471 2644 508 2663 zn
532 2635 625 2664 mala
648 2632 703 2664 L'2
749 2635 922 2664 dzmzttere
945 2633 978 2664 ll.
1027 2633 1086 2663 Ma
1110 2637 1197 2663 cont.
1223 2631 1324 2662 Arch.
1350 2632 1410 2670 frg.
1436 2628 1531 2659 6613.
