1747 2865
738 89 768 112 L.
792 87 923 111 ACCIVS
1491 89 1510 128 7
1519 90 1540 126 3

697 264 739 301 L.
771 262 971 301 ACCIVS

736 342 917 370 SCENICA

144 433 166 466 1
227 426 264 478 (1
299 426 409 464 Rzfflbb
440 425 547 476 trag.)
580 437 660 474 qua
701 436 743 461 re
783 420 858 460 alia
890 435 938 460 ex
968 421 1131 459 crimine
1162 416 1413 457 inimicorum
1444 414 1545 456 effu-

1085 490 1178 527 gere
1208 477 1335 526 possis
1364 471 1493 513 delica

142 545 166 580 2
228 539 269 592 (4
281 539 335 591 ss)
356 546 398 577 tu
428 535 689 606 pertinaciam
721 533 818 582 esse,
851 536 1074 581 Anffloche,
1085 509 1210 571 oham:
1239 529 1458 583 praedicas,

358 609 431 646 ego
462 592 726 662 pervicaciam
758 591 821 631 aio
853 599 892 631 et
923 605 970 630 ea
1000 605 1065 629 me
1095 587 1153 628 uti
1184 592 1296 628 volo:

355 666 450 691 nam
480 649 729 702 pervicacem
761 647 840 688 dici
871 662 936 687 me
968 661 1054 687 esse
1087 655 1125 685 et
1155 644 1315 685 vincere

356 706 543 760 perfacile
573 709 713 758 patior,
743 704 988 757 pertinacem
1018 702 1117 743 nihil
1148 717 1292 742 moror.

355 768 457 805 haec
486 762 596 803 fertis
627 766 813 814 sequitur,
845 760 954 801 illam
984 762 1134 801 indocti
1164 758 1382 811 pessident.

355 830 399 861 tu
428 819 547 861 addis
578 823 689 872 quod
720 822 813 858 vitio
845 827 914 866 est,
946 816 1074 857 demis
1105 820 1215 883 quod
1245 814 1354 856 laudi
1385 818 1502 854 datur

143 887 168 923 3
199 881 286 933 (15)
356 877 457 918 iram
477 881 662 924 infrenes,
694 875 828 916 ebstes
860 878 1013 922 animis,
1044 873 1234 925 reprimas
1260 870 1549 912 confidentiam

143 944 168 979 4
200 937 287 990 (16)
355 944 425 975 tua
454 933 714 975 honestitudo
746 932 913 972 Danaos
945 930 1106 983 decepit
1136 933 1205 970 diu

144 1001 167 1035 5
201 994 289 1047 (17)
359 991 434 1044 ego
474 1007 540 1031 me
573 1006 656 1030 non
687 1005 875 1042 peccasse
906 992 1025 1040 plane
1056 986 1269 1028 ostendam
1299 995 1368 1026 aut
1397 999 1550 1037 poenas

1302 1041 1492 1083 sufferam

144 1107 336 1160 6(1988)
357 1109 452 1146 nolo
472 1104 685 1157 equidem:
718 1107 790 1144 sed
807 1113 848 1143 tu
868 1106 971 1148 huic,
992 1100 1122 1168 quem
1135 1104 1208 1141 scis
1230 1103 1367 1153 quali
1358 1115 1398 1138 m
1418 1097 1458 1139 te
1478 1102 1553 1138 siet

360 1162 563 1209 fidelitate,
596 1165 647 1201 ob
679 1160 805 1200 fidam
836 1159 1021 1200 naturam
1054 1161 1124 1198 viri

357 1218 520 1272 ignesce

147 1286 165 1320 7
203 1279 291 1331 (22)
1121 1276 1222 1312 heu!

360 1332 498 1373 cuiatis
528 1335 691 1384 stirpem
722 1329 901 1370 funditus
932 1329 1012 1382 fligi
1043 1333 1197 1370 studet!

147 1400 169 1434 8
203 1393 290 1445 (23)
360 1394 423 1430 cui
454 1389 595 1429 manus
626 1398 808 1428 materno
839 1386 975 1428 sordet
1006 1401 1143 1438 sparsa
1173 1385 1364 1438 sanguine

145 1456 169 1491 9
203 1450 271 1502 (25
284 1449 318 1501 s)
359 1470 429 1487 υ-
449 1470 478 1487 ψ
497 1481 523 1487 -
541 1469 571 1486 υ
600 1445 733 1498 neque
764 1449 848 1485 fera
878 1447 1087 1484 hominum
1118 1442 1282 1495 pectora

361 1502 595 1556 fragescunt‚
626 1507 758 1543 donec
788 1501 870 1541 vim
901 1516 1133 1553 persensere
1164 1499 1307 1551 imperi

119 1570 170 1605 10
203 1564 272 1616 (27
287 1563 322 1615 s)
954 1561 1093 1598 melius
1125 1556 1247 1609 quam
1280 1559 1351 1595 viri

363 1617 508 1658 callent
537 1615 722 1657 mulieres

121 1685 170 1718 11
204 1677 291 1730 (32)
361 1673 484 1715 deum
513 1683 698 1727 regnator
717 1672 836 1713 necte
858 1687 977 1712 caeca
998 1671 1153 1712 caelum
1176 1686 1197 1710 e
1219 1677 1436 1721 conspectu
1463 1669 1554 1709 abs-

1414 1729 1501 1766 tulit

121 1797 171 1831 12
205 1790 291 1843 (36)
362 1787 431 1829 cur
461 1804 526 1828 me
547 1791 731 1828 miseram
752 1786 908 1834 inridet,
933 1789 1086 1838 magnis
1108 1784 1339 1836 co'mpotem
1361 1792 1400 1823 et
1420 1781 1553 1822 multis

1356 1843 1495 1879 malis?

121 1911 173 1946 13
206 1904 293 1957 (37)
363 1901 516 1943 scibam
546 1905 651 1941 hanc
681 1903 778 1940 mihi
808 1899 1038 1952 supremam
1063 1903 1193 1939 lucem
1221 1906 1260 1938 et
1279 1896 1410 1937 serviti
1430 1895 1555 1936 finem

1415 1957 1500 1993 dari

122 2024 174 2058 14
207 2018 294 2070 (41)
363 2015 532 2056 matrem
564 2019 615 2055 ob
646 2018 730 2054 iure
761 2014 910 2054 factum
940 2016 1085 2060 incilas,
1115 2011 1335 2063 genitorem
1365 2014 1554 2050 iniustum

1269 2068 1499 2119 adprobas?

125 2209 137 2229 1
166 2199 258 2229 Non.
284 2197 350 2237 198
377 2196 460 2237 ²277
489 2197 716 2237 (Achilles)
750 2199 838 2228 aliae
861 2209 902 2227 ex
931 2194 1038 2227 Non.¹
1118 2205 1138 2225 2
1163 2195 1254 2225 Non.
1274 2202 1337 2234 433
1364 2192 1559 2236 (Myrmi-

123 2244 272 2285 dones)
316 2246 386 2274 2az
405 2243 579 2274 etamell.
604 2244 718 2274 ethac.
733 2241 840 2273 Scala
857 2254 895 2273 ea
908 2241 1045 2273 Lachm.
1066 2248 1094 2282 5.
1113 2240 1143 2271 6.
1163 2249 1192 2280 3.
1213 2240 1357 2280 4Bothe
1392 2238 1557 2279 3dicisll.

123 2291 216 2321 meed
236 2293 270 2320 et
292 2300 324 2320 v.
336 2289 353 2320 ἒ
376 2289 484 2319 Ribb.
510 2291 641 2320 vmcz'er
652 2287 795 2318 Mueller
854 2288 978 2324 3Non.
995 2286 1057 2317 262
1074 2288 1225 2329 znfrem's
1241 2285 1273 2315 ll.
1308 2281 1558 2316 temeri'tatem

121 2345 144 2372 4
168 2336 259 2366 Non.
289 2342 353 2365 120
393 2337 519 2375 decz'pzt
541 2334 573 2364 ll.
667 2343 688 2371 5
713 2334 804 2364 Non.
827 2332 892 2374 396
984 2335 1006 2363 6
1029 2333 1121 2363 Non.
1153 2340 1213 2370 109
1330 2340 1350 2367 7
1375 2331 1559 2361 Non.11o

124 2379 386 2421 (Aegisthus)
458 2382 480 2410 8
503 2380 595 2410 Non.
622 2386 685 2418 170
719 2390 797 2410 cum
815 2389 846 2409 v.
864 2379 884 2409 1.
915 2385 1034 2420 sparso
1060 2377 1091 2408 ll.
1162 2387 1223 2414 9
1207 2377 1299 2407 Non.
1331 2384 1389 2406 111
1443 2383 1460 2405 z
1479 2380 1562 2416 per-

121 2429 285 2458 senserim
310 2427 452 2467 tmperzz
465 2425 498 2455 11
536 2425 577 2456 cf.
595 2423 720 2455 Aesch.
738 2426 804 2464 Ag.
827 2423 922 2455 1601.
947 2423 1060 2462 16195
1090 2422 1202 2462 16395
1310 2430 1352 2452 ιο
1376 2421 1467 2452 Non.
1494 2427 1556 2461 257

122 2469 253 2516 ’.Αγαμ
282 2471 365 2511 1605
417 2479 434 2500 2
460 2467 596 2501 sciunt’
691 2479 726 2500 11
756 2470 847 2500 Serv.
872 2475 957 2501 auct.
976 2471 1064 2499 Aen.
1095 2477 1122 2505 1,
1141 2467 1181 2498 88
1210 2466 1469 2507 (Clytaemes
1484 2468 1558 2505 tra)

127 2527 167 2548 12
192 2518 285 2548 Non.
312 2523 372 2557 521
419 2527 510 2547 meae
533 2527 563 2546 v
583 2516 622 2546 L:
649 2527 716 2546 mee
734 2515 881 2546 Acciana
904 2513 1092 2555 scriptura?
1118 2513 1225 2544 Ribb.
1262 2523 1372 2555 mages
1389 2512 1422 2543 ll.
1519 2521 1560 2549 13

122 2563 220 2593 Non.
245 2561 310 2592 226
343 2564 522 2593 servztutis
537 2561 695 2597 11.14
719 2561 811 2591 Non.
841 2567 901 2601 125
951 2564 1062 2591 matre
1079 2570 1147 2590 meo
1166 2561 1241 2590 iure
1259 2558 1311 2588 l].:
1339 2562 1483 2589 matrem
1510 2569 1561 2589 me

124 2610 162 2639 ob
186 2607 297 2649 Bergk
344 2603 519 2648 increpas'

1574 775 1588 801 5
