1747 2865
739 92 975 115 SENTENTIAE
1498 101 1507 125 1
1519 94 1569 137 03

141 204 194 240 56
245 199 332 251 (40)
413 197 626 237 Peccatum
658 207 847 238 extenuat
877 196 945 250 qui
977 201 1152 238 celeriter
1181 197 1336 250 corrigit

140 262 190 296 57
245 256 332 308 (54)
414 257 488 294 Per
518 253 638 306 quem
669 258 720 294 sis
751 258 875 295 clarus
906 254 958 293 illi
989 259 1099 307 quod
1129 258 1180 294 sis
1212 254 1384 306 imputes

140 319 192 353 58
244 313 331 365 (55)
411 310 572 351 Poenae
603 320 663 351 sat
694 321 753 351 est
783 315 849 363 qui
879 310 992 351 laesit
1022 327 1112 351 cum
1142 311 1310 363 supplex
1342 315 1450 351 venit

141 375 193 410 59
245 370 332 421 (53)
413 367 623 408 Prudentis
655 377 712 408 est
743 368 856 408 iresci
886 383 961 407 nec
991 383 1079 408 sero
1112 367 1149 407 et
1180 372 1301 408 semel

140 432 193 467 60
245 427 332 478 (43)
413 424 622 464 Prudentis
653 429 782 465 vultus
814 424 933 464 etiam
964 424 1159 465 sermonis
1190 429 1279 465 loco
1311 434 1369 465 est

140 489 192 524 61
245 483 383 535 (049)
409 484 542 531 Quam
573 480 761 521 miserum
794 491 864 529 est,
895 485 961 522 ubi
993 481 1203 522 consilium
1235 497 1328 522 casu
1359 481 1527 521 vincitur

139 545 193 580 62
245 540 332 591 (73)
413 541 546 588 Quem
578 537 716 590 diligis,
746 542 787 578 ni
817 538 924 578 recte
955 554 1132 586 moneas,
1168 538 1300 579 oderis

139 602 193 638 63
244 597 331 648 (72)
411 597 533 644 Quod
566 594 624 634 est
654 605 864 635 venturum
895 595 1054 647 sepiens
1085 605 1127 635 ut
1156 594 1346 647 praesens
1377 605 1488 635 cavet

140 659 193 694 64
244 654 300 704 <R
317 654 381 703 11)
409 653 580 705 Roganti
611 655 749 692 melius
781 668 902 704 quam
934 652 1145 704 imperanti
1174 652 1316 704 pereas

139 715 192 751 65
245 710 296 762 (S
309 710 374 762 12)
405 708 573 761 Sapiens
604 724 694 748 cum
725 713 869 760 petitur
899 711 930 749 si
962 718 1067 749 tacet
1097 708 1264 761 graviter
1294 718 1413 761 negat

139 773 192 808 66
244 767 331 819 (49)
411 769 480 806 Sat
511 765 570 806 est
600 770 777 814 disertus,
808 765 880 818 prc')
913 782 993 818 quo
1025 770 1198 818 loquitur
1227 765 1370 806 veritas

140 830 191 865 67
244 824 331 876 (31)
411 826 462 863 Se
492 823 658 863 damnat
688 826 819 871 iudex,
852 822 1109 863 innocentem
1140 826 1207 875 qui
1239 822 1425 874 opprimit

139 887 192 922 68
243 881 302 933 (7)
405 878 552 920 Sensus
583 896 665 919 non
697 889 806 920 aetas
837 879 990 919 invenit
1021 879 1257 931 sapientiam

139 944 192 979 69
243 938 330 990 (42)
411 939 507 977 Sero
538 936 580 976 in
611 940 764 988 periclis
795 936 854 977 est
884 940 1089 977 consilium
1121 936 1312 989 quaerere

142 1001 192 1036 70
244 995 331 1047 (22)
412 993 499 1034 Suis
530 997 597 1046 qui
628 997 754 1033 nescit
783 993 947 1045 parcere
977 993 1145 1034 inimicis
1176 997 1283 1033 favet

142 1053 215 1092 71*
248 1052 308 1103 (T
311 1052 352 1103 3)
407 1053 511 1090 Tam
553 1049 667 1091 deest
707 1066 828 1091 avaro
870 1050 981 1103 quod
1021 1054 1144 1091 habet
1183 1066 1304 1103 quam
1347 1054 1457 1102 quod
1489 1049 1571 1090 nen

144 1171 193 1207 72
245 1166 304 1218 (7)
413 1168 516 1204 Tam
549 1164 599 1204 de
631 1180 673 1205 se
704 1168 823 1204 iudex
855 1163 1002 1204 iudicat
1033 1179 1152 1216 quam
1185 1163 1236 1203 de
1267 1179 1336 1204 reo
1396 1111 1518 1147 habet

142 1229 193 1264 73
244 1223 302 1274 (4)
411 1220 546 1261 Tarde
576 1225 648 1262 sed
678 1225 846 1273 graviter
877 1220 964 1277 (vir)
995 1225 1152 1272 sapiens
1182 1221 1361 1261 ireiscitur

142 1285 193 1320 74
243 1280 302 1331 (6)
411 1278 673 1329 Temptando
704 1288 848 1318 cuncta
878 1277 986 1318 caeci
1018 1293 1182 1330 quoque
1212 1287 1298 1318 tuto
1331 1278 1537 1318 ambulant

142 1343 192 1377 75
244 1337 378 1389 (733)
406 1339 484 1375 Vbi
515 1335 709 1376 innocens
741 1335 963 1383 damnetur,
995 1350 1085 1387 pars
1116 1339 1267 1387 patn'ae
1299 1334 1432 1374 exulat

143 1399 193 1434 76
245 1393 332 1445 (10)
413 1395 491 1432 Vbi
524 1392 718 1433 innocens
750 1391 949 1440 formidat,
981 1396 1148 1432 damnat
1177 1391 1350 1432 ifidicem

142 1456 190 1490 77
244 1451 330 1503 (30)
410 1452 489 1489 Vbi
519 1449 677 1497 indicat,
710 1453 776 1501 qui
806 1448 976 1497 accusat,
1009 1448 1095 1504 (vis)
1126 1464 1209 1489 non
1240 1448 1302 1488 lex
1333 1453 1438 1489 valet

144 1525 193 1560 78
246 1519 333 1571 (32)
413 1505 492 1558 Vbi
532 1526 742 1569 peccatum
783 1516 863 1557 cito
904 1520 1124 1569 corrigitur,
1166 1517 1273 1557 ferna
1313 1521 1415 1558 solet
1459 1516 1572 1570 igno-

1407 1589 1517 1615 scere

145 1639 193 1674 79
247 1633 305 1685 (8)
412 1630 563 1671 Veri'im
596 1641 665 1679 est,
697 1635 808 1684 quod
838 1647 911 1684 pro
941 1630 1067 1671 salute
1098 1635 1141 1670 fit
1172 1631 1426 1671 mendecium

140 1696 192 1731 80
243 1690 331 1742 (16)
410 1687 599 1729 Veterem
631 1692 797 1729 ferendo
828 1687 1009 1728 iniuriam
1046 1686 1186 1728 invites
1222 1703 1370 1728 novam

141 1753 193 1788 81
245 1747 332 1799 (34)
412 1745 585 1786 Vincere
626 1754 686 1785 est
725 1744 950 1793 honestum,
992 1748 1218 1797 opprimere
1248 1744 1445 1792 acerbum,
1485 1748 1572 1797 pul-

1175 1817 1284 1841 crum
1314 1800 1517 1854 ignescere

141 1995 184 2023 57
209 1988 301 2028 quod
321 1989 368 2018 sis
392 1988 451 2017 z'lli
471 1987 571 2017 Ver.:
599 1996 651 2016 em
677 1987 758 2026 Mey
874 1989 919 2023 58
936 1992 1025 2027 pene
1049 1992 1082 2017 et
1104 1988 1227 2027 suplex
1252 1986 1332 2016 Ver.
1449 1995 1495 2023 59
1517 1997 1575 2017 nec

140 2031 262 2063 Halm:
287 2036 322 2063 et
344 2032 425 2063 Ver.
496 2034 542 2062 6ο
560 2033 735 2072 prudenti
754 2034 885 2063 stultus
910 2037 942 2062 et
968 2035 1057 2063 iocus
1081 2042 1166 2062 unus
1247 2034 1291 2062 62
1315 2043 1380 2073 que
1402 2032 1521 2073 dz'lzgwls·
1544 2034 1579 2063 si

141 2088 209 2108 non
231 2077 331 2108 Ver.:
365 2089 466 2119 quem
490 2078 616 2119 dz'lzgras
641 2080 682 2108 ni
704 2078 784 2118 Mey
868 2080 913 2114 63
937 2080 1041 2118 quasi
1062 2102 1069 2109 .
1088 2102 1095 2108 .
1115 2102 1121 2107 .
1146 2080 1239 2108 cavit
1261 2086 1347 2107 unus
1415 2079 1460 2114 65
1484 2079 1578 2118 quod

135 2125 276 2164 petitur
299 2125 362 2154 ubi
383 2127 472 2154 tacet
506 2125 656 2154 breviter
680 2135 712 2153 n.
739 2133 769 2152 v.
789 2122 809 2153 l.
912 2125 958 2153 66
981 2126 1064 2154 satis
1087 2125 1239 2153 desertus
1263 2127 1313 2154 est
1335 2124 1374 2153 de
1399 2134 1465 2164 quo
1488 2132 1574 2153 unus

140 2170 270 2199 veritas
293 2170 453 2211 loguz‘tur
476 2168 557 2199 Ver.
628 2170 672 2205 67
697 2170 763 2209 qui
783 2171 968 2199 [nocentem
991 2169 1092 2200 Ver.:
1119 2178 1171 2198 em
1191 2168 1273 2209 Mey
1334 2170 1380 2199 68
1403 2168 1445 2198 cf.
1462 2167 1572 2199 Plaut.

140 2213 233 2249 Trin.
251 2212 315 2253 367
363 2225 499 2245 sensum
524 2219 557 2244 et
579 2216 749 2254 sapientia
772 2224 802 2244 V.
829 2213 848 2245 l.
888 2216 1094 2255 sapientiam
1118 2217 1253 2245 invenit
1277 2213 1359 2244 dett.
1417 2215 1463 2251 69
1479 2216 1573 2254 peri-

140 2261 228 2290 culis
252 2259 336 2290 trad.
376 2264 426 2291 est
449 2262 485 2290 in
504 2265 580 2300 per.
606 2270 636 2289 v.
655 2259 675 2290 1.
779 2268 816 2296 71
847 2259 924 2290 Sen.
943 2264 1046 2290 contr.
1074 2266 1103 2298 7,
1125 2258 1163 2289 18
1201 2259 1315 2300 Quint.
1341 2259 1417 2289 inst.
1443 2258 1474 2295 8,
1493 2265 1524 2299 5,
1541 2258 1573 2290 6.

142 2312 174 2344 9,
191 2312 223 2344 3,
240 2303 285 2345 64
316 2304 412 2336 Hier.
437 2305 533 2346 epist.
560 2311 600 2344 53
642 2304 713 2346 (qui
737 2316 843 2335 avaro
869 2309 939 2336 tam
963 2307 1053 2336 deest
1075 2306 1144 2346 eqs)
1238 2313 1283 2341 73
1310 2303 1324 2345 <
1347 2303 1362 2346 >
1389 2304 1466 2335 add.
1491 2305 1573 2344 Mey

142 2359 186 2388 75
211 2353 344 2381 z'nocens
370 2374 376 2381 .
398 2374 405 2382 .
426 2373 432 2380 .
457 2351 593 2381 exultat
616 2350 697 2381 Ver.
784 2352 828 2387 76
851 2352 994 2381 iudicem
1019 2353 1164 2381 damnat
1186 2361 1216 2380 v.
1236 2350 1256 2380 l.
1343 2359 1385 2387 77
1413 2348 1429 2392 <
1453 2348 1467 2392 >
1495 2349 1572 2381 add.

142 2395 246 2427 Orelli
335 2404 380 2433 79
392 2395 445 2437 fit
461 2397 670 2436 plerumque
694 2398 908 2427 mendacium
931 2406 1017 2427 unus
1064 2407 1096 2427 v.
1121 2408 1147 2427 e.
1174 2398 1284 2427 mend.
1310 2407 1341 2437 q.
1364 2397 1395 2436 f.
1415 2401 1484 2437 pro
1508 2397 1571 2428 sal.

141 2441 215 2472 sim.
242 2440 324 2472 dett.
382 2443 427 2472 80
451 2441 536 2472 Gell.
558 2448 608 2479 17,
631 2449 680 2481 14,
698 2451 718 2482 4
754 2442 857 2472 Macr.
875 2447 934 2473 sat.
956 2450 986 2479 2,
1007 2448 1037 2480 7,
1059 2450 1099 2472 10
1138 2443 1315 2483 inferendo
1339 2440 1391 2471 vel
1409 2443 1573 2482 patiendo

142 2486 225 2517 dett.
260 2488 390 2517 invitat
411 2486 492 2517 Ver.
517 2491 629 2517 contra
654 2486 687 2516 ll.
713 2486 780 2517 rell.
807 2492 839 2517 et
864 2487 949 2518 Gell.
975 2487 1078 2518 Macr.
1166 2489 1205 2517 81
1234 2489 1392 2518 acerbum
1414 2488 1473 2518 sed
1486 2489 1572 2528 pul—

141 2543 240 2563 crum
265 2531 345 2562 Ver.
1192 2545 1196 2551 ·

1305 2602 1368 2631 11*
