1747 2865
205 113 217 138 1
234 114 281 139 10
808 107 838 129 c.
864 107 1029 130 LVCILrvs

498 226 592 250 nam
610 214 796 251 omnibus
814 226 916 251 unus
934 215 1048 251 dolor
1065 212 1196 267 (turpi)
1218 227 1259 251 re
1281 222 1418 264 captus
1440 217 1633 266 labosque

496 291 713 307 „„„„„
733 290 762 306 o
783 271 846 307 hic
877 272 983 308 solus
1014 272 1196 322 vigilavit,
1228 272 1380 320 opinor,

499 334 537 363 et
567 340 658 363 cum
689 327 729 363 id
760 328 814 364 mi
845 328 949 365 visus
980 329 1110 365 facere
1142 335 1211 373 est,
1243 335 1327 365 tum
1358 329 1455 366 retia
1484 331 1592 367 nexit

329 224 351 305 ΝΙῸ

362 224 377 306 *qb*

385 224 408 306 OQ

416 212 438 306 mv

444 268 455 319 V

226 218 251 307 ’ΦΕΩ

256 218 277 308 σοι-1

386 384 407 420 00

414 383 425 427 »κ

496 384 621 420 maior
653 390 736 420 erat
765 390 872 421 natu.
919 397 1003 422 non
1035 386 1169 422 omnia
1199 397 1410 434 possumus
1441 398 1581 424 omnes

496 442 705 478 custodem
736 442 869 479 classis
900 442 1118 491 catapultas
1148 443 1228 491 pila
1259 443 1399 480 sarisas

385 451 408 489 0

414 428 426 490 v«

330 395 374 420 21

330 452 375 477 21

198 502 276 536 101
328 496 425 547 220)
495 499 709 547 postquam
740 499 982 547 praesidium
1014 500 1148 537 castris
1181 500 1350 537 educere
1380 501 1510 545 crevit,

328 554 424 597 221)
495 567 635 592 urceus
666 555 763 592 haut
794 556 911 604 longe
944 555 1128 601 Gemino,
1160 556 1363 594 mixtarius
1395 557 1519 594 Paulo

198 615 277 650 103
329 610 425 661 222)
497 613 549 648 da
579 612 716 649 bibere
747 613 797 649 ab
829 625 1417 651 summOoo-oo-oo-u

197 672 276 707 104
327 666 424 718 225)
493 674 633 713 macte,
664 669 839 718 inquam,
882 670 1024 707 virtute
1054 670 1251 720 simulque
1282 671 1341 708 his
1371 671 1516 708 viribus
1548 677 1633 708 esto

198 730 275 764 105
327 724 406 762 226
419 724 452 774 s)
494 738 632 762 verum
663 739 787 762 unum
820 727 1008 763 cecidisse
1039 732 1175 764 tamen
1206 728 1311 765 senis
1343 727 1508 765 Tiresiai

495 783 705 832 aequalem
737 789 893 820 constat

330 838 408 875 228
423 837 456 888 s)
850 852 1054 877 servorum
1086 847 1145 878 est
1176 842 1296 878 festus
1327 842 1412 879 dies
1443 842 1518 886 hic,

495 908 615 945 quem
660 897 780 945 plane
815 897 1049 935 hexametro
1080 910 1196 935 versu
1226 911 1309 935 non
1341 899 1473 936 dicere
1504 900 1632 948 possis

198 559 248 593 Ξ

311 839 322 886 Α
309 383 323 775 ΑᾹΛΑΛΛΑ
312 212 325 319 ΛΑ

309 951 424 1002 (230)
494 985 519 990 -
541 954 692 990 salvere
723 954 859 991 iubere
890 955 1057 991 salutem
1089 961 1148 992 est
1179 955 1334 992 mittere
1367 955 1496 993 amico

309 1008 348 1059 (2
356 1008 407 1057 36
420 1009 454 1058 s)
1389 1018 1428 1049 et

493 1067 533 1103 id
565 1067 694 1104 solum
725 1069 917 1105 adversae
948 1069 1131 1105 fortunae
1162 1080 1285 1117 reque
1314 1069 1457 1106 resistit

195 1127 273 1161 109
307 1122 403 1172 (238
417 1122 450 1173 s)
491 1144 726 1161 -oo-oo
748 1120 921 1162 <chauno
953 1121 1087 1162 meno'
1124 1126 1251 1174 inquit
1283 1126 1411 1171 balba,
1454 1138 1631 1164 sororem

493 1181 691 1218 lanificam
724 1182 811 1226 dici,
843 1182 986 1219 siccam
1018 1188 1138 1231 atque
1169 1182 1405 1219 abstemiam
1432 1184 1499 1220 ubi
1520 1185 1631 1220 audit

306 1236 317 1287 (
350 1235 420 1286 42)
491 1238 521 1274 si
549 1238 664 1283 nosti,
696 1250 778 1276 non
800 1251 965 1288 magnus
986 1239 1110 1276 homo
1134 1246 1203 1281 est,
1235 1246 1411 1284 nasutus,
1443 1241 1631 1277 macellus

309 1292 320 1343 (
353 1305 404 1341 43
420 1293 473 1337 ss)
498 1296 559 1331 cui
600 1307 733 1344 neque
773 1296 994 1333 iumentum
1032 1302 1090 1333 est
1121 1309 1196 1333 nec
1225 1308 1360 1334 servus
1391 1309 1465 1334 nec
1497 1309 1631 1334 comes

1449 1354 1572 1391 ullus:

491 1409 662 1458 bulgam‚
706 1415 743 1446 et
784 1410 981 1458 quidquid
1025 1410 1148 1447 habet
1190 1422 1458 1456 nummorum,
1493 1423 1629 1448 secum

1324 1467 1447 1505 habet
1477 1468 1573 1516 ipse,

492 1535 582 1559 cum
615 1523 733 1572 bulga
763 1529 891 1566 cenat,
924 1525 1080 1569 dormit,
1111 1524 1215 1561 lavit.
1276 1525 1411 1562 omnia
1441 1525 1481 1561 in
1512 1537 1592 1561 una

491 1586 583 1616 sunt
628 1581 781 1617 homini
827 1581 963 1630 bulga:
1015 1581 1132 1630 bulga
1176 1581 1276 1618 haec
1321 1581 1505 1618 devincta
1546 1578 1631 1633 (13)-

1376 1645 1484 1675 certo
1517 1646 1575 1675 est

190 1769 232 1796 97
259 1760 349 1791 Serv.
368 1767 453 1790 auct.
471 1762 559 1790 Aen.
590 1769 639 1797 10,
667 1761 731 1800 398
764 1760 908 1792 militum
934 1761 1130 1792 describitur
1155 1761 1250 1792 dolor
1318 1765 1364 1800 98
1388 1762 1490 1793 Prisc.
1517 1762 1578 1794 GL
1597 1763 1631 1793 Π

192 1812 267 1845 470.
284 1804 358 1846 536.
378 1805 492 1836 Dioni.
512 1806 572 1837 GL
592 1807 608 1836 Ι
629 1805 694 1846 369
748 1815 759 1836 1
781 1808 835 1838 hic
851 1807 919 1837 scil.
934 1809 1093 1845 Paullus,
1113 1807 1240 1848 legatus
1257 1806 1406 1848 loquitur
1447 1816 1464 1837 2
1481 1810 1519 1838 z’d
1529 1808 1631 1839 veluti

189 1852 258 1881 otio
272 1861 407 1892 operam
421 1851 499 1882 dare
513 1857 546 1882 et
559 1851 707 1882 desidiae
722 1853 802 1891 Ma)
841 1852 971 1883 mihz'll.
998 1856 1102 1884 nectit
1118 1853 1230 1884 Diom.
1255 1853 1288 1883 ll.
1336 1862 1382 1891 99
1394 1853 1498 1885 Macr.
1523 1860 1583 1884 sat.
1600 1854 1631 1890 6,

197 1905 222 1929 1,
238 1904 278 1937 35
392 1906 457 1928 100
479 1897 571 1927 Νο11.
597 1905 659 1938 552
685 1899 862 1939 catapulta
885 1900 968 1929 stila
992 1898 1024 1929 ll.
1051 1898 1118 1929 scil.
1144 1903 1345 1940 comparare
1370 1902 1473 1930 iussit
1494 1904 1633 1930 senatus

193 1943 226 1973 C.
249 1943 443 1973 Matz'enmn
470 1943 523 1981 (cf.
543 1943 617 1973 Liv.
644 1952 698 1983 40,
726 1943 778 1980 26,
805 1943 836 1982 8)
909 1953 966 1975 101
1004 1945 1096 1975 Non.
1116 1943 1177 1975 261
1213 1946 1362 1975 decrevit
1385 1945 1480 1981 trad„
1506 1945 1564 1975 sed
1590 1945 1632 1975 de

188 1999 324 2018 cernere
346 1988 414 2028 agit
438 1989 529 2018 Non.
566 1988 634 2019 scil.
663 1992 850 2030 imperator
901 1999 964 2020 102
989 1990 1079 2020 Non.
1099 1989 1164 2030 546
1189 1994 1253 2021 aut
1276 1991 1358 2020 trad.
1396 1990 1633 2031 intelleguntur

191 2033 239 2063 M.
266 2033 423 2064 Servilius
450 2033 611 2064 Geminus
637 2041 669 2065 et
695 2035 734 2065 L.
759 2035 925 2066 Aemilius
942 2035 1077 2073 Paulus,
1102 2035 1289 2066 convivium
1315 2036 1511 2066 describit-ur
1569 2045 1633 2073 ¹03

191 2078 316 2120 Porph.
344 2080 428 2110 Hor.
457 2090 555 2110 carm.
584 2087 616 2119 3,
646 2088 699 2117 21,
729 2087 744 2118 7
771 2081 860 2111 Don.
887 2082 962 2111 Ter.
985 2082 1092 2112 Andr.
1111 2080 1178 2122 484
1225 2083 1265 2112 ab
1290 2092 1345 2112 om
1363 2082 1452 2112 Don.
1474 2081 1518 2118 l].,
1544 2082 1633 2112 unde

191 2126 299 2155 bibere
323 2137 340 2155 e
364 2125 581 2166 Lindenbrog
677 2135 740 2163 ¹04
765 2127 856 2157 Non.
886 2134 948 2167 341
977 2127 1068 2157 Serv.
1094 2132 1179 2158 auct.
1203 2128 1291 2158 Aen.
1318 2135 1349 2166 9,
1369 2126 1430 2167 641
1482 2128 1536 2158 hic
1559 2139 1632 2158 ver-

189 2172 282 2201 sl'bus
305 2170 397 2201 Non.
440 2175 507 2201 esto
532 2181 587 2201 om
613 2171 704 2202 Serv.
814 2181 877 2209 105
898 2173 990 2203 Non.
1019 2180 1056 2212 23
1063 2179 1080 2213 5
1117 2177 1272 2204 veterum
1297 2173 1379 2204 trad.
1417 2184 1528 2203 senem
1554 2176 1631 2203 tire-

189 2218 276 2246 xl‘czm
294 2216 376 2246 trad.
409 2228 521 2247 unum
537 2216 605 2247 scil.
625 2227 665 2247 ex
682 2217 803 2248 vetulis
822 2218 965 2248 convivii
977 2218 1136 2249 ministris
1153 2218 1239 2249 inter
1255 2228 1290 2249 se
1307 2218 1533 2259 pugnantibus
1552 2219 1633 2256 (Ma)

194 2263 258 2291 106
281 2260 405 2302 Porph.
427 2262 511 2292 Hor.
532 2268 592 2292 sat.
616 2271 642 2298 1,
662 2270 692 2303 5,
708 2262 748 2301 87
768 2263 889 2300 (liber
908 2264 979 2303 VI)
1005 2264 1046 2294 cf.
1065 2264 1156 2294 Fest.
1175 2272 1239 2305 343
1267 2265 1326 2294 Μ3
1343 2264 1396 2294 ad.
1415 2263 1435 2294 1.
1455 2262 1546 2295 Cich.
1568 2263 1630 2294 286

194 2314 209 2335 2
235 2312 407 2338 exametro
433 2307 514 2338 trad.
635 2317 697 2345 107
723 2309 814 2339 Νο11.
836 2316 901 2349 324
935 2309 1014 2340 dicit
1039 2310 1078 2339 L.
1104 2315 1257 2349 aegrotus
1368 2312 1432 2340 108
1456 2310 1548 2339 Non.
1567 2316 1631 2349 500

194 2359 209 2380 2
244 2354 280 2382 sd
310 2353 376 2383 scil.
415 2350 517 2394 ‘quod
553 2353 729 2384 didicimus
764 2354 950 2395 studiisque
982 2354 1172 2386 liberalibus
1206 2355 1303 2385 nobis
1337 2352 1537 2396 peperimus’
1572 2355 1630 2384 Ma

192 2408 293 2437 reque
317 2396 455 2429 Leid.¹:
482 2401 600 2440 reique
623 2399 691 2429 rell.
778 2409 843 2437 109
866 2400 958 2430 Non.
977 2400 1018 2431 68
1073 2409 1084 2430 1
1115 2401 1347 2431 thaunumeno
1375 2402 1501 2440 (-nom-)
1527 2400 1628 2430 trad:

190 2443 410 2488 γάυνουμὲνη
447 2445 607 2475 Mercier:
649 2444 772 2487 θαῦμα
810 2446 869 2489 μὲν
908 2444 1035 2489 (μέγα),
1071 2444 1256 2490 θαυμαίνω
1294 2446 1366 2476 alii:
1412 2443 1485 2486 eego
1520 2445 1628 2485 segnis

190 2497 310 2518 maneo
328 2495 361 2519 et
384 2487 510 2520 bibula³
536 2487 667 2533 (χαῦνο>
688 2489 789 2534 μένω)
809 2492 1043 2531 interpretatur
1058 2491 1118 2522 Ma
1150 2493 1254 2522 valva
1271 2491 1304 2522 ll.
1349 2500 1366 2521 2
1386 2489 1463 2522 ‘non
1480 2490 1626 2520 vinosarn

193 2538 225 2561 et
250 2531 407 2564 sobriam’
503 2544 567 2566 110
591 2536 683 2566 Non.
708 2536 769 2575 136
820 2537 961 2577 quadrat
985 2537 1017 2567 in
1043 2536 1214 2567 hominem
1240 2547 1374 2568 avarum
1401 2536 1481 2575 (Ma)
1566 2544 1623 2565 111

189 2577 281 2608 Non.
302 2578 340 2616 78
395 2588 406 2609 1
441 2581 545 2611 cuii.
571 2592 678 2612 avaro
704 2583 763 2612 illi
807 2590 824 2612 2
851 2579 1047 2613 ‘sacculum’
1096 2590 1140 2621 35
1173 2585 1283 2614 omnis
1315 2585 1352 2613 in
1383 2593 1455 2612 una
1487 2583 1553 2611 sets
1573 2581 1628 2611 ho-

193 2625 340 2654 minibus
365 2624 416 2656 ll.:
442 2635 495 2655 em
520 2625 657 2656 Lachm.
683 2632 715 2657 et
741 2627 799 2657 Ma
