<?xml version="1.0" encoding="UTF-8"?>
<!DOCTYPE html PUBLIC "-//W3C//DTD XHTML 1.0 Transitional//EN"
    "http://www.w3.org/TR/xhtml1/DTD/xhtml1-transitional.dtd">
<html xmlns="http://www.w3.org/1999/xhtml" xml:lang="en" lang="en">
 <head>
  <title>
</title>
<meta http-equiv="Content-Type" content="text/html;charset=utf-8" />
  <meta name='ocr-system' content='tesseract 3.04.00' />
  <meta name='ocr-capabilities' content='ocr_page ocr_carea ocr_par ocr_line ocrx_word'/>
</head>
<body>
  <div class='ocr_page' id='page_1' title='image "./poetarumromanoru00diehuoft_0023.png"; bbox 0 0 1747 2865; ppageno 0'>
   <div class='ocr_carea' id='block_1_1' title="bbox 702 106 1530 155">
    <p class='ocr_par' dir='ltr' id='par_1_1' title="bbox 702 106 1530 155">
     <span class='ocr_line' id='line_1_1' title="bbox 702 106 1530 155; baseline -0.005 -19"><span class='ocrx_word' id='word_1_1' title='bbox 702 113 874 136; x_wconf 79' lang='lat' dir='ltr'>ANNALES</span> <span class='ocrx_word' id='word_1_2' title='bbox 922 106 939 135; x_wconf 92' lang='lat' dir='ltr'>I</span> <span class='ocrx_word' id='word_1_3' title='bbox 1484 121 1496 145; x_wconf 93' lang='lat'>1</span> <span class='ocrx_word' id='word_1_4' title='bbox 1507 120 1530 155; x_wconf 61' lang='grc' dir='ltr'>Ο</span> 
     </span>
    </p>
   </div>
   <div class='ocr_carea' id='block_1_2' title="bbox 106 221 1598 2080">
    <p class='ocr_par' dir='ltr' id='par_1_2' title="bbox 106 221 1598 2080">
     <span class='ocr_line' id='line_1_2' title="bbox 365 221 1395 271; baseline -0.001 -13"><span class='ocrx_word' id='word_1_5' title='bbox 365 234 440 259; x_wconf 88' lang='lat' dir='ltr'>nec</span> <span class='ocrx_word' id='word_1_6' title='bbox 471 234 558 259; x_wconf 89' lang='lat' dir='ltr'>sese</span> <span class='ocrx_word' id='word_1_7' title='bbox 589 222 700 259; x_wconf 83' lang='lat' dir='ltr'>dedit</span> <span class='ocrx_word' id='word_1_8' title='bbox 728 222 769 258; x_wconf 88' lang='lat' dir='ltr'>in</span> <span class='ocrx_word' id='word_1_9' title='bbox 800 227 1057 271; x_wconf 89' lang='lat' dir='ltr'>conspectum</span> <span class='ocrx_word' id='word_1_10' title='bbox 1089 222 1209 259; x_wconf 86' lang='lat' dir='ltr'>corde</span> <span class='ocrx_word' id='word_1_11' title='bbox 1231 221 1395 270; x_wconf 84' lang='lat' dir='ltr'>cupitus,</span> 
     </span>
     <span class='ocr_line' id='line_1_3' title="bbox 366 278 1587 328; baseline -0.002 -13"><span class='ocrx_word' id='word_1_12' title='bbox 366 290 610 328; x_wconf 87' lang='lat' dir='ltr'>quamquam</span> <span class='ocrx_word' id='word_1_13' title='bbox 652 279 776 315; x_wconf 89' lang='lat' dir='ltr'>multa</span> <span class='ocrx_word' id='word_1_14' title='bbox 815 291 956 316; x_wconf 90' lang='lat' dir='ltr'>manus</span> <span class='ocrx_word' id='word_1_15' title='bbox 988 280 1040 315; x_wconf 91' lang='lat' dir='ltr'>ad</span> <span class='ocrx_word' id='word_1_16' title='bbox 1072 279 1168 315; x_wconf 92' lang='lat' dir='ltr'>caeli</span> <span class='ocrx_word' id='word_1_17' title='bbox 1199 279 1355 315; x_wconf 85' lang='lat' dir='ltr'>caerula</span> <span class='ocrx_word' id='word_1_18' title='bbox 1385 278 1535 326; x_wconf 87' lang='lat' dir='ltr'>templa</span> <span class='ocrx_word' id='word_1_19' title='bbox 1556 288 1587 313; x_wconf 86' lang='lat'>15</span> 
     </span>
     <span class='ocr_line' id='line_1_4' title="bbox 365 336 1446 373; baseline -0.001 -2"><span class='ocrx_word' id='word_1_20' title='bbox 365 336 583 373; x_wconf 81' lang='lat' dir='ltr'>tendebam</span> <span class='ocrx_word' id='word_1_21' title='bbox 614 336 836 372; x_wconf 77' lang='lat' dir='ltr'>lacrumans</span> <span class='ocrx_word' id='word_1_22' title='bbox 869 342 907 372; x_wconf 89' lang='lat' dir='ltr'>et</span> <span class='ocrx_word' id='word_1_23' title='bbox 937 337 1084 372; x_wconf 90' lang='lat' dir='ltr'>blanda</span> <span class='ocrx_word' id='word_1_24' title='bbox 1114 347 1213 372; x_wconf 80' lang='lat' dir='ltr'>voce</span> <span class='ocrx_word' id='word_1_25' title='bbox 1243 336 1446 371; x_wconf 84' lang='lat' dir='ltr'>vocabam.</span> 
     </span>
     <span class='ocr_line' id='line_1_5' title="bbox 365 387 1478 441; baseline -0.001 -13"><span class='ocrx_word' id='word_1_26' title='bbox 365 392 430 428; x_wconf 87' lang='lat' dir='ltr'>vix</span> <span class='ocrx_word' id='word_1_27' title='bbox 460 404 579 441; x_wconf 84' lang='lat' dir='ltr'>aegro</span> <span class='ocrx_word' id='word_1_28' title='bbox 611 405 701 429; x_wconf 92' lang='lat' dir='ltr'>cum</span> <span class='ocrx_word' id='word_1_29' title='bbox 733 393 854 429; x_wconf 89' lang='lat' dir='ltr'>corde</span> <span class='ocrx_word' id='word_1_30' title='bbox 884 405 976 429; x_wconf 90' lang='lat' dir='ltr'>meo</span> <span class='ocrx_word' id='word_1_31' title='bbox 1007 405 1071 429; x_wconf 90' lang='lat' dir='ltr'>me</span> <span class='ocrx_word' id='word_1_32' title='bbox 1103 404 1266 429; x_wconf 88' lang='lat' dir='ltr'>somnus</span> <span class='ocrx_word' id='word_1_33' title='bbox 1298 387 1478 440; x_wconf 75' lang='lat' dir='ltr'>reliquit³³</span> 
     </span>
     <span class='ocr_line' id='line_1_6' title="bbox 108 444 1535 499; baseline -0.003 -11"><span class='ocrx_word' id='word_1_34' title='bbox 108 454 158 489; x_wconf 89' lang='grc'>18</span> <span class='ocrx_word' id='word_1_35' title='bbox 191 448 257 499; x_wconf 83' lang='grc'>(52</span> <span class='ocrx_word' id='word_1_36' title='bbox 273 446 307 498; x_wconf 87' lang='lat' dir='ltr'>s)</span> <span class='ocrx_word' id='word_1_37' title='bbox 369 444 436 486; x_wconf 80' lang='lat' dir='ltr'>“te</span> <span class='ocrx_word' id='word_1_38' title='bbox 457 450 539 486; x_wconf 91' lang='lat' dir='ltr'>sale</span> <span class='ocrx_word' id='word_1_39' title='bbox 560 455 654 486; x_wconf 89' lang='lat' dir='ltr'>nata</span> <span class='ocrx_word' id='word_1_40' title='bbox 674 461 823 498; x_wconf 84' lang='lat' dir='ltr'>precor,</span> <span class='ocrx_word' id='word_1_41' title='bbox 846 449 995 494; x_wconf 88' lang='lat' dir='ltr'>Venus,</span> <span class='ocrx_word' id='word_1_42' title='bbox 1018 455 1056 486; x_wconf 92' lang='lat' dir='ltr'>et</span> <span class='ocrx_word' id='word_1_43' title='bbox 1071 450 1250 498; x_wconf 83' lang='lat' dir='ltr'>genetrix</span> <span class='ocrx_word' id='word_1_44' title='bbox 1265 449 1385 497; x_wconf 87' lang='lat' dir='ltr'>patris</span> <span class='ocrx_word' id='word_1_45' title='bbox 1402 448 1535 491; x_wconf 80' lang='lat' dir='ltr'>nostri,</span> 
     </span>
     <span class='ocr_line' id='line_1_7' title="bbox 366 507 1305 555; baseline 0 -13"><span class='ocrx_word' id='word_1_46' title='bbox 366 512 410 542; x_wconf 93' lang='lat' dir='ltr'>ut</span> <span class='ocrx_word' id='word_1_47' title='bbox 440 519 505 543; x_wconf 89' lang='lat' dir='ltr'>me</span> <span class='ocrx_word' id='word_1_48' title='bbox 536 507 588 542; x_wconf 91' lang='lat' dir='ltr'>de</span> <span class='ocrx_word' id='word_1_49' title='bbox 619 507 728 543; x_wconf 85' lang='lat' dir='ltr'>caelo</span> <span class='ocrx_word' id='word_1_50' title='bbox 760 507 861 543; x_wconf 88' lang='lat' dir='ltr'>visas</span> <span class='ocrx_word' id='word_1_51' title='bbox 892 512 1061 555; x_wconf 84' lang='lat' dir='ltr'>cognata</span> <span class='ocrx_word' id='word_1_52' title='bbox 1091 518 1305 554; x_wconf 77' lang='lat' dir='ltr'>parumper</span> 
     </span>
     <span class='ocr_line' id='line_1_8' title="bbox 108 558 1459 613; baseline -0.003 -11"><span class='ocrx_word' id='word_1_53' title='bbox 108 567 159 603; x_wconf 80' lang='lat'>19</span> <span class='ocrx_word' id='word_1_54' title='bbox 191 561 278 613; x_wconf 85' lang='lat'>(54)</span> <span class='ocrx_word' id='word_1_55' title='bbox 368 558 516 612; x_wconf 66' lang='lat' dir='ltr'>e‘teque</span> <span class='ocrx_word' id='word_1_56' title='bbox 546 569 659 612; x_wconf 90' lang='lat' dir='ltr'>pater</span> <span class='ocrx_word' id='word_1_57' title='bbox 689 563 875 600; x_wconf 87' lang='lat' dir='ltr'>Tiberine</span> <span class='ocrx_word' id='word_1_58' title='bbox 906 569 975 600; x_wconf 93' lang='lat' dir='ltr'>tuo</span> <span class='ocrx_word' id='word_1_59' title='bbox 1007 576 1096 599; x_wconf 90' lang='lat' dir='ltr'>cum</span> <span class='ocrx_word' id='word_1_60' title='bbox 1127 563 1290 599; x_wconf 82' lang='lat' dir='ltr'>flumine</span> <span class='ocrx_word' id='word_1_61' title='bbox 1321 568 1459 599; x_wconf 87' lang='lat' dir='ltr'>sancto</span> 
     </span>
     <span class='ocr_line' id='line_1_9' title="bbox 107 618 1256 670; baseline -0.003 -12"><span class='ocrx_word' id='word_1_62' title='bbox 107 623 160 660; x_wconf 84' lang='grc'>20</span> <span class='ocrx_word' id='word_1_63' title='bbox 193 618 279 670; x_wconf 92' lang='grc'>(55)</span> <span class='ocrx_word' id='word_1_64' title='bbox 369 620 453 658; x_wconf 74' lang='lat' dir='ltr'>Ilia,</span> <span class='ocrx_word' id='word_1_65' title='bbox 473 620 540 656; x_wconf 89' lang='lat' dir='ltr'>dia</span> <span class='ocrx_word' id='word_1_66' title='bbox 569 632 695 668; x_wconf 90' lang='lat' dir='ltr'>nepos</span> <span class='ocrx_word' id='word_1_67' title='bbox 728 632 826 668; x_wconf 86' lang='lat' dir='ltr'>quas</span> <span class='ocrx_word' id='word_1_68' title='bbox 857 632 1065 657; x_wconf 79' lang='lat' dir='ltr'>aerumnas</span> <span class='ocrx_word' id='word_1_69' title='bbox 1097 620 1256 656; x_wconf 88' lang='lat' dir='ltr'>tetulisti</span> 
     </span>
     <span class='ocr_line' id='line_1_10' title="bbox 106 676 1400 727; baseline -0.004 -11"><span class='ocrx_word' id='word_1_70' title='bbox 106 681 159 716; x_wconf 90' lang='grc'>21</span> <span class='ocrx_word' id='word_1_71' title='bbox 193 676 280 727; x_wconf 83' lang='grc'>(59)</span> <span class='ocrx_word' id='word_1_72' title='bbox 368 677 470 714; x_wconf 89' lang='lat' dir='ltr'>haec</span> <span class='ocrx_word' id='word_1_73' title='bbox 502 677 662 721; x_wconf 83' lang='lat' dir='ltr'>ecfatus,</span> <span class='ocrx_word' id='word_1_74' title='bbox 694 677 829 725; x_wconf 87' lang='lat' dir='ltr'>ibique</span> <span class='ocrx_word' id='word_1_75' title='bbox 859 677 1032 714; x_wconf 88' lang='lat' dir='ltr'>latrones</span> <span class='ocrx_word' id='word_1_76' title='bbox 1063 677 1169 712; x_wconf 88' lang='lat' dir='ltr'>dicta</span> <span class='ocrx_word' id='word_1_77' title='bbox 1200 677 1400 712; x_wconf 84' lang='lat' dir='ltr'>facessunt</span> 
     </span>
     <span class='ocr_line' id='line_1_11' title="bbox 107 732 1537 784; baseline -0.004 -11"><span class='ocrx_word' id='word_1_78' title='bbox 107 738 159 773; x_wconf 93' lang='grc'>22</span> <span class='ocrx_word' id='word_1_79' title='bbox 193 732 259 784; x_wconf 84' lang='lat'>(62</span> <span class='ocrx_word' id='word_1_80' title='bbox 275 732 308 783; x_wconf 93' lang='lat' dir='ltr'>s)</span> <span class='ocrx_word' id='word_1_81' title='bbox 369 733 486 778; x_wconf 91' lang='lat' dir='ltr'>Iuno,</span> <span class='ocrx_word' id='word_1_82' title='bbox 517 733 651 778; x_wconf 88' lang='lat' dir='ltr'>Vesta,</span> <span class='ocrx_word' id='word_1_83' title='bbox 686 733 876 777; x_wconf 84' lang='lat' dir='ltr'>Minerva,</span> <span class='ocrx_word' id='word_1_84' title='bbox 909 733 1038 778; x_wconf 87' lang='lat' dir='ltr'>Ceres,</span> <span class='ocrx_word' id='word_1_85' title='bbox 1071 733 1214 777; x_wconf 89' lang='lat' dir='ltr'>Diana,</span> <span class='ocrx_word' id='word_1_86' title='bbox 1246 733 1393 776; x_wconf 86' lang='lat' dir='ltr'>Venus,</span> <span class='ocrx_word' id='word_1_87' title='bbox 1419 732 1537 776; x_wconf 85' lang='lat' dir='ltr'>Mars,</span> 
     </span>
     <span class='ocr_line' id='line_1_12' title="bbox 369 789 1425 839; baseline -0.004 -11"><span class='ocrx_word' id='word_1_88' title='bbox 369 790 599 833; x_wconf 86' lang='lat' dir='ltr'>Mercurius,</span> <span class='ocrx_word' id='word_1_89' title='bbox 632 791 746 835; x_wconf 81' lang='lat' dir='ltr'>Iovis,</span> <span class='ocrx_word' id='word_1_90' title='bbox 779 791 1004 839; x_wconf 87' lang='lat' dir='ltr'>Neptunus,</span> <span class='ocrx_word' id='word_1_91' title='bbox 1035 790 1247 834; x_wconf 83' lang='lat' dir='ltr'>Vulcanus,</span> <span class='ocrx_word' id='word_1_92' title='bbox 1280 789 1425 837; x_wconf 82' lang='lat' dir='ltr'>Apollo</span> 
     </span>
     <span class='ocr_line' id='line_1_13' title="bbox 107 846 1289 898; baseline -0.004 -11"><span class='ocrx_word' id='word_1_93' title='bbox 107 852 160 888; x_wconf 78' lang='lat'>23</span> <span class='ocrx_word' id='word_1_94' title='bbox 193 846 279 898; x_wconf 84' lang='lat'><strong>(64)</strong></span> <span class='ocrx_word' id='word_1_95' title='bbox 368 848 576 896; x_wconf 87' lang='lat' dir='ltr'>respondit</span> <span class='ocrx_word' id='word_1_96' title='bbox 606 847 711 884; x_wconf 87' lang='lat' dir='ltr'>Iuno</span> <span class='ocrx_word' id='word_1_97' title='bbox 743 847 925 884; x_wconf 87' lang='lat' dir='ltr'>Saturnia</span> <span class='ocrx_word' id='word_1_98' title='bbox 956 852 1093 884; x_wconf 86' lang='lat' dir='ltr'>sancta</span> <span class='ocrx_word' id='word_1_99' title='bbox 1125 847 1289 883; x_wconf 87' lang='lat' dir='ltr'>dearum</span> 
     </span>
     <span class='ocr_line' id='line_1_14' title="bbox 109 899 1355 954; baseline -0.004 -11"><span class='ocrx_word' id='word_1_100' title='bbox 109 908 162 944; x_wconf 77' lang='grc'>24</span> <span class='ocrx_word' id='word_1_101' title='bbox 194 903 262 954; x_wconf 82' lang='grc'>(65</span> <span class='ocrx_word' id='word_1_102' title='bbox 277 903 309 954; x_wconf 89' lang='lat' dir='ltr'>s)</span> <span class='ocrx_word' id='word_1_103' title='bbox 370 899 501 941; x_wconf 78' lang='lat' dir='ltr'>“unus</span> <span class='ocrx_word' id='word_1_104' title='bbox 533 905 605 941; x_wconf 90' lang='lat' dir='ltr'>erit</span> <span class='ocrx_word' id='word_1_105' title='bbox 637 916 756 953; x_wconf 87' lang='lat' dir='ltr'>quem</span> <span class='ocrx_word' id='word_1_106' title='bbox 788 910 829 940; x_wconf 91' lang='lat' dir='ltr'>tu</span> <span class='ocrx_word' id='word_1_107' title='bbox 860 905 972 940; x_wconf 83' lang='lat' dir='ltr'>tolles</span> <span class='ocrx_word' id='word_1_108' title='bbox 1003 904 1041 939; x_wconf 90' lang='lat' dir='ltr'>in</span> <span class='ocrx_word' id='word_1_109' title='bbox 1073 903 1229 940; x_wconf 87' lang='lat' dir='ltr'>caerula</span> <span class='ocrx_word' id='word_1_110' title='bbox 1259 903 1355 939; x_wconf 87' lang='lat' dir='ltr'>caeli</span> 
     </span>
     <span class='ocr_line' id='line_1_15' title="bbox 368 962 518 1010; baseline 0 -13"><span class='ocrx_word' id='word_1_111' title='bbox 368 962 518 1010; x_wconf 89' lang='lat' dir='ltr'>templa</span> 
     </span>
     <span class='ocr_line' id='line_1_16' title="bbox 110 1016 1423 1069; baseline -0.004 -12"><span class='ocrx_word' id='word_1_112' title='bbox 110 1022 162 1058; x_wconf 76' lang='lat'>25</span> <span class='ocrx_word' id='word_1_113' title='bbox 195 1016 267 1069; x_wconf 87' lang='lat'>(70</span> <span class='ocrx_word' id='word_1_114' title='bbox 280 1016 333 1068; x_wconf 86' lang='lat' dir='ltr'>ss)</span> <span class='ocrx_word' id='word_1_115' title='bbox 370 1019 601 1055; x_wconf 89' lang='lat' dir='ltr'>indotuetur</span> <span class='ocrx_word' id='word_1_116' title='bbox 631 1018 684 1054; x_wconf 93' lang='lat' dir='ltr'>ibi</span> <span class='ocrx_word' id='word_1_117' title='bbox 715 1018 831 1066; x_wconf 90' lang='lat' dir='ltr'>lupus</span> <span class='ocrx_word' id='word_1_118' title='bbox 862 1018 1019 1060; x_wconf 85' lang='lat' dir='ltr'>femina,</span> <span class='ocrx_word' id='word_1_119' title='bbox 1051 1017 1242 1065; x_wconf 86' lang='lat' dir='ltr'>conspicit</span> <span class='ocrx_word' id='word_1_120' title='bbox 1273 1016 1423 1053; x_wconf 88' lang='lat' dir='ltr'>omnis:</span> 
     </span>
     <span class='ocr_line' id='line_1_17' title="bbox 370 1075 1464 1123; baseline -0.003 -12"><span class='ocrx_word' id='word_1_121' title='bbox 370 1075 464 1112; x_wconf 89' lang='lat' dir='ltr'>hinc</span> <span class='ocrx_word' id='word_1_122' title='bbox 495 1087 682 1123; x_wconf 89' lang='lat' dir='ltr'>campum</span> <span class='ocrx_word' id='word_1_123' title='bbox 715 1075 830 1111; x_wconf 85' lang='lat' dir='ltr'>celeri</span> <span class='ocrx_word' id='word_1_124' title='bbox 861 1086 979 1123; x_wconf 87' lang='lat' dir='ltr'>passu</span> <span class='ocrx_word' id='word_1_125' title='bbox 1009 1085 1221 1122; x_wconf 87' lang='lat' dir='ltr'>permensa</span> <span class='ocrx_word' id='word_1_126' title='bbox 1250 1085 1464 1121; x_wconf 86' lang='lat' dir='ltr'>parumper</span> 
     </span>
     <span class='ocr_line' id='line_1_18' title="bbox 372 1132 872 1169; baseline -0.002 0"><span class='ocrx_word' id='word_1_127' title='bbox 372 1132 515 1169; x_wconf 89' lang='lat' dir='ltr'>conicit</span> <span class='ocrx_word' id='word_1_128' title='bbox 546 1133 586 1168; x_wconf 89' lang='lat' dir='ltr'>in</span> <span class='ocrx_word' id='word_1_129' title='bbox 616 1132 753 1168; x_wconf 89' lang='lat' dir='ltr'>silvam</span> <span class='ocrx_word' id='word_1_130' title='bbox 785 1143 872 1168; x_wconf 86' lang='lat' dir='ltr'>sese</span> 
     </span>
     <span class='ocr_line' id='line_1_19' title="bbox 111 1187 1270 1240; baseline -0.004 -12"><span class='ocrx_word' id='word_1_131' title='bbox 111 1194 163 1229; x_wconf 82' lang='grc'>26</span> <span class='ocrx_word' id='word_1_132' title='bbox 196 1187 263 1240; x_wconf 76' lang='grc'>(73</span> <span class='ocrx_word' id='word_1_133' title='bbox 278 1188 311 1239; x_wconf 88' lang='lat' dir='ltr'>s)</span> <span class='ocrx_word' id='word_1_134' title='bbox 876 1200 966 1236; x_wconf 87' lang='lat' dir='ltr'>pars</span> <span class='ocrx_word' id='word_1_135' title='bbox 997 1187 1144 1223; x_wconf 88' lang='lat' dir='ltr'>ludicre</span> <span class='ocrx_word' id='word_1_136' title='bbox 1175 1198 1270 1223; x_wconf 82' lang='lat' dir='ltr'>saxa</span> 
     </span>
     <span class='ocr_line' id='line_1_20' title="bbox 371 1245 960 1291; baseline -0.003 -9"><span class='ocrx_word' id='word_1_137' title='bbox 371 1246 529 1291; x_wconf 89' lang='lat' dir='ltr'>iactant,</span> <span class='ocrx_word' id='word_1_138' title='bbox 561 1245 662 1282; x_wconf 88' lang='lat' dir='ltr'>inter</span> <span class='ocrx_word' id='word_1_139' title='bbox 693 1257 734 1282; x_wconf 91' lang='lat' dir='ltr'>se</span> <span class='ocrx_word' id='word_1_140' title='bbox 765 1245 960 1281; x_wconf 87' lang='lat' dir='ltr'>licitantur</span> 
     </span>
     <span class='ocr_line' id='line_1_21' title="bbox 114 1300 1377 1353; baseline -0.005 -11"><span class='ocrx_word' id='word_1_141' title='bbox 114 1307 163 1342; x_wconf 79' lang='grc'>27</span> <span class='ocrx_word' id='word_1_142' title='bbox 199 1302 266 1353; x_wconf 89' lang='grc'>(77</span> <span class='ocrx_word' id='word_1_143' title='bbox 283 1302 336 1352; x_wconf 90' lang='lat' dir='ltr'>ss)</span> <span class='ocrx_word' id='word_1_144' title='bbox 374 1316 398 1338; x_wconf 86' lang='lat' dir='ltr'>a</span> <span class='ocrx_word' id='word_1_145' title='bbox 428 1308 608 1339; x_wconf 80' lang='lat' dir='ltr'>curantes</span> <span class='ocrx_word' id='word_1_146' title='bbox 639 1314 782 1351; x_wconf 79' lang='lat' dir='ltr'>magna</span> <span class='ocrx_word' id='word_1_147' title='bbox 813 1314 903 1338; x_wconf 89' lang='lat' dir='ltr'>cum</span> <span class='ocrx_word' id='word_1_148' title='bbox 935 1313 1028 1338; x_wconf 87' lang='lat' dir='ltr'>cura</span> <span class='ocrx_word' id='word_1_149' title='bbox 1059 1308 1143 1337; x_wconf 88' lang='lat' dir='ltr'>tum</span> <span class='ocrx_word' id='word_1_150' title='bbox 1175 1300 1377 1349; x_wconf 85' lang='lat' dir='ltr'>cupientes</span> 
     </span>
     <span class='ocr_line' id='line_1_22' title="bbox 425 1358 1485 1409; baseline -0.004 -13"><span class='ocrx_word' id='word_1_151' title='bbox 425 1360 534 1409; x_wconf 85' lang='lat' dir='ltr'>regni</span> <span class='ocrx_word' id='word_1_152' title='bbox 565 1360 663 1396; x_wconf 90' lang='lat' dir='ltr'>dant</span> <span class='ocrx_word' id='word_1_153' title='bbox 694 1371 859 1408; x_wconf 89' lang='lat' dir='ltr'>operam</span> <span class='ocrx_word' id='word_1_154' title='bbox 890 1359 1004 1395; x_wconf 87' lang='lat' dir='ltr'>simul</span> <span class='ocrx_word' id='word_1_155' title='bbox 1035 1358 1210 1406; x_wconf 87' lang='lat' dir='ltr'>auspicio</span> <span class='ocrx_word' id='word_1_156' title='bbox 1241 1358 1485 1406; x_wconf 80' lang='lat' dir='ltr'>augurioque</span> 
     </span>
     <span class='ocr_line' id='line_1_23' title="bbox 375 1414 1541 1464; baseline -0.003 -11"><span class='ocrx_word' id='word_1_157' title='bbox 375 1416 395 1452; x_wconf 92' lang='lat' dir='ltr'>b</span> <span class='ocrx_word' id='word_1_158' title='bbox 492 1417 641 1453; x_wconf 87' lang='lat' dir='ltr'>Remus</span> <span class='ocrx_word' id='word_1_159' title='bbox 682 1416 858 1464; x_wconf 89' lang='lat' dir='ltr'>auspicio</span> <span class='ocrx_word' id='word_1_160' title='bbox 899 1428 940 1452; x_wconf 91' lang='lat' dir='ltr'>se</span> <span class='ocrx_word' id='word_1_161' title='bbox 972 1416 1144 1452; x_wconf 79' lang='lat' dir='ltr'>devovet</span> <span class='ocrx_word' id='word_1_162' title='bbox 1173 1420 1293 1462; x_wconf 87' lang='lat' dir='ltr'>atque</span> <span class='ocrx_word' id='word_1_163' title='bbox 1324 1414 1541 1450; x_wconf 87' lang='lat' dir='ltr'>secundam</span> 
     </span>
     <span class='ocr_line' id='line_1_24' title="bbox 425 1471 1542 1519; baseline -0.004 -9"><span class='ocrx_word' id='word_1_164' title='bbox 425 1474 530 1511; x_wconf 91' lang='lat' dir='ltr'>solus</span> <span class='ocrx_word' id='word_1_165' title='bbox 572 1485 688 1510; x_wconf 87' lang='lat' dir='ltr'>avem</span> <span class='ocrx_word' id='word_1_166' title='bbox 724 1479 862 1509; x_wconf 85' lang='lat' dir='ltr'>servat.</span> <span class='ocrx_word' id='word_1_167' title='bbox 903 1479 943 1509; x_wconf 91' lang='lat' dir='ltr'>at</span> <span class='ocrx_word' id='word_1_168' title='bbox 976 1472 1168 1508; x_wconf 90' lang='lat' dir='ltr'>Romulus</span> <span class='ocrx_word' id='word_1_169' title='bbox 1197 1471 1362 1519; x_wconf 88' lang='lat' dir='ltr'>pulcher</span> <span class='ocrx_word' id='word_1_170' title='bbox 1392 1472 1431 1506; x_wconf 89' lang='lat' dir='ltr'>in</span> <span class='ocrx_word' id='word_1_171' title='bbox 1463 1471 1542 1507; x_wconf 90' lang='lat' dir='ltr'>alto</span> 
     </span>
     <span class='ocr_line' id='line_1_25' title="bbox 426 1528 1453 1579; baseline -0.004 -12"><span class='ocrx_word' id='word_1_172' title='bbox 426 1531 581 1579; x_wconf 90' lang='lat' dir='ltr'>quaerit</span> <span class='ocrx_word' id='word_1_173' title='bbox 613 1530 824 1574; x_wconf 87' lang='lat' dir='ltr'>Aventino,</span> <span class='ocrx_word' id='word_1_174' title='bbox 856 1535 986 1566; x_wconf 82' lang='lat' dir='ltr'>servat</span> <span class='ocrx_word' id='word_1_175' title='bbox 1015 1541 1139 1577; x_wconf 85' lang='lat' dir='ltr'>genus</span> <span class='ocrx_word' id='word_1_176' title='bbox 1170 1528 1453 1564; x_wconf 88' lang='lat' dir='ltr'>altivolantum.</span> 
     </span>
     <span class='ocr_line' id='line_1_26' title="bbox 427 1585 1541 1624; baseline -0.004 0"><span class='ocrx_word' id='word_1_177' title='bbox 427 1588 633 1624; x_wconf 86' lang='lat' dir='ltr'>certabant</span> <span class='ocrx_word' id='word_1_178' title='bbox 674 1587 814 1623; x_wconf 90' lang='lat' dir='ltr'>urbem</span> <span class='ocrx_word' id='word_1_179' title='bbox 847 1586 1019 1623; x_wconf 89' lang='lat' dir='ltr'>Romam</span> <span class='ocrx_word' id='word_1_180' title='bbox 1042 1585 1310 1622; x_wconf 87' lang='lat' dir='ltr'>Remoramne</span> <span class='ocrx_word' id='word_1_181' title='bbox 1343 1590 1541 1620; x_wconf 79' lang='lat' dir='ltr'>vocarent.</span> 
     </span>
     <span class='ocr_line' id='line_1_27' title="bbox 426 1642 1400 1690; baseline -0.004 -9"><span class='ocrx_word' id='word_1_182' title='bbox 426 1644 611 1681; x_wconf 89' lang='lat' dir='ltr'>omnibus</span> <span class='ocrx_word' id='word_1_183' title='bbox 643 1656 737 1680; x_wconf 87' lang='lat' dir='ltr'>cura</span> <span class='ocrx_word' id='word_1_184' title='bbox 766 1643 856 1680; x_wconf 87' lang='lat' dir='ltr'>viris</span> <span class='ocrx_word' id='word_1_185' title='bbox 887 1649 973 1679; x_wconf 86' lang='lat' dir='ltr'>uter</span> <span class='ocrx_word' id='word_1_186' title='bbox 1004 1648 1106 1679; x_wconf 86' lang='lat' dir='ltr'>esset</span> <span class='ocrx_word' id='word_1_187' title='bbox 1136 1642 1400 1690; x_wconf 88' lang='lat' dir='ltr'>induperator.</span> 
     </span>
     <span class='ocr_line' id='line_1_28' title="bbox 428 1699 1462 1750; baseline -0.005 -12"><span class='ocrx_word' id='word_1_188' title='bbox 428 1706 651 1750; x_wconf 86' lang='lat' dir='ltr'>expectant,</span> <span class='ocrx_word' id='word_1_189' title='bbox 683 1700 802 1737; x_wconf 86' lang='lat' dir='ltr'>veluti</span> <span class='ocrx_word' id='word_1_190' title='bbox 833 1700 971 1737; x_wconf 89' lang='lat' dir='ltr'>consul</span> <span class='ocrx_word' id='word_1_191' title='bbox 1002 1712 1091 1736; x_wconf 87' lang='lat' dir='ltr'>cum</span> <span class='ocrx_word' id='word_1_192' title='bbox 1123 1699 1278 1735; x_wconf 89' lang='lat' dir='ltr'>mittere</span> <span class='ocrx_word' id='word_1_193' title='bbox 1309 1699 1462 1747; x_wconf 86' lang='lat' dir='ltr'>signum</span> 
     </span>
     <span class='ocr_line' id='line_1_29' title="bbox 427 1755 1440 1805; baseline -0.003 -11"><span class='ocrx_word' id='word_1_194' title='bbox 427 1759 509 1796; x_wconf 86' lang='lat' dir='ltr'>volt</span> <span class='ocrx_word' id='word_1_195' title='bbox 539 1770 681 1795; x_wconf 88' lang='lat' dir='ltr'>omnes</span> <span class='ocrx_word' id='word_1_196' title='bbox 712 1757 817 1794; x_wconf 86' lang='lat' dir='ltr'>avidi</span> <span class='ocrx_word' id='word_1_197' title='bbox 849 1762 1029 1805; x_wconf 89' lang='lat' dir='ltr'>spectant</span> <span class='ocrx_word' id='word_1_198' title='bbox 1060 1757 1111 1792; x_wconf 89' lang='lat' dir='ltr'>ad</span> <span class='ocrx_word' id='word_1_199' title='bbox 1144 1755 1308 1792; x_wconf 85' lang='lat' dir='ltr'>carceris</span> <span class='ocrx_word' id='word_1_200' title='bbox 1341 1767 1440 1798; x_wconf 84' lang='lat' dir='ltr'>oras,</span> 
     </span>
     <span class='ocr_line' id='line_1_30' title="bbox 429 1813 1440 1864; baseline -0.005 -12"><span class='ocrx_word' id='word_1_201' title='bbox 429 1827 549 1864; x_wconf 89' lang='lat' dir='ltr'>quam</span> <span class='ocrx_word' id='word_1_202' title='bbox 580 1826 675 1851; x_wconf 85' lang='lat' dir='ltr'>mox</span> <span class='ocrx_word' id='word_1_203' title='bbox 707 1814 861 1851; x_wconf 91' lang='lat' dir='ltr'>emittat</span> <span class='ocrx_word' id='word_1_204' title='bbox 891 1813 1002 1862; x_wconf 91' lang='lat' dir='ltr'>pictis</span> <span class='ocrx_word' id='word_1_205' title='bbox 1036 1825 1056 1850; x_wconf 90' lang='lat' dir='ltr'>e</span> <span class='ocrx_word' id='word_1_206' title='bbox 1088 1813 1265 1849; x_wconf 83' lang='lat' dir='ltr'>faucibus</span> <span class='ocrx_word' id='word_1_207' title='bbox 1297 1824 1440 1855; x_wconf 78' lang='lat' dir='ltr'>currus,</span> 
     </span>
     <span class='ocr_line' id='line_1_31' title="bbox 430 1869 1396 1921; baseline -0.005 -12"><span class='ocrx_word' id='word_1_208' title='bbox 430 1872 484 1909; x_wconf 88' lang='lat' dir='ltr'>sic</span> <span class='ocrx_word' id='word_1_209' title='bbox 516 1872 751 1921; x_wconf 79' lang='lat' dir='ltr'>expectabat</span> <span class='ocrx_word' id='word_1_210' title='bbox 782 1871 951 1919; x_wconf 86' lang='lat' dir='ltr'>populus</span> <span class='ocrx_word' id='word_1_211' title='bbox 982 1875 1102 1918; x_wconf 84' lang='lat' dir='ltr'>atque</span> <span class='ocrx_word' id='word_1_212' title='bbox 1134 1881 1201 1906; x_wconf 91' lang='lat' dir='ltr'>ore</span> <span class='ocrx_word' id='word_1_213' title='bbox 1232 1869 1396 1905; x_wconf 86' lang='lat' dir='ltr'>timebat</span> 
     </span>
     <span class='ocr_line' id='line_1_32' title="bbox 428 1926 1598 1976; baseline -0.005 -10"><span class='ocrx_word' id='word_1_214' title='bbox 428 1930 557 1973; x_wconf 86' lang='lat' dir='ltr'>rebus,</span> <span class='ocrx_word' id='word_1_215' title='bbox 589 1929 664 1964; x_wconf 90' lang='lat' dir='ltr'>utri</span> <span class='ocrx_word' id='word_1_216' title='bbox 694 1928 826 1976; x_wconf 81' lang='lat' dir='ltr'>magni</span> <span class='ocrx_word' id='word_1_217' title='bbox 858 1927 1019 1963; x_wconf 83' lang='lat' dir='ltr'>victoria</span> <span class='ocrx_word' id='word_1_218' title='bbox 1050 1927 1097 1963; x_wconf 90' lang='lat' dir='ltr'>sit</span> <span class='ocrx_word' id='word_1_219' title='bbox 1128 1927 1220 1962; x_wconf 89' lang='lat' dir='ltr'>data</span> <span class='ocrx_word' id='word_1_220' title='bbox 1251 1926 1369 1974; x_wconf 85' lang='lat' dir='ltr'>regni.</span> <span class='ocrx_word' id='word_1_221' title='bbox 1567 1950 1598 1967; x_wconf 76' lang='lat'>10</span> 
     </span>
     <span class='ocr_line' id='line_1_33' title="bbox 428 1983 1390 2023; baseline -0.004 -1"><span class='ocrx_word' id='word_1_222' title='bbox 428 1987 579 2023; x_wconf 90' lang='lat' dir='ltr'>interea</span> <span class='ocrx_word' id='word_1_223' title='bbox 609 1985 668 2022; x_wconf 91' lang='lat' dir='ltr'>sol</span> <span class='ocrx_word' id='word_1_224' title='bbox 698 1985 809 2021; x_wconf 89' lang='lat' dir='ltr'>albus</span> <span class='ocrx_word' id='word_1_225' title='bbox 841 1984 999 2020; x_wconf 88' lang='lat' dir='ltr'>recessit</span> <span class='ocrx_word' id='word_1_226' title='bbox 1028 1983 1068 2019; x_wconf 90' lang='lat' dir='ltr'>in</span> <span class='ocrx_word' id='word_1_227' title='bbox 1099 1983 1224 2019; x_wconf 85' lang='lat' dir='ltr'>infera</span> <span class='ocrx_word' id='word_1_228' title='bbox 1254 1983 1390 2018; x_wconf 87' lang='lat' dir='ltr'>noctis.</span> 
     </span>
     <span class='ocr_line' id='line_1_34' title="bbox 431 2039 1432 2080; baseline -0.006 0"><span class='ocrx_word' id='word_1_229' title='bbox 431 2044 523 2080; x_wconf 86' lang='lat' dir='ltr'>exin</span> <span class='ocrx_word' id='word_1_230' title='bbox 554 2042 727 2079; x_wconf 86' lang='lat' dir='ltr'>candida</span> <span class='ocrx_word' id='word_1_231' title='bbox 758 2053 799 2077; x_wconf 90' lang='lat' dir='ltr'>se</span> <span class='ocrx_word' id='word_1_232' title='bbox 830 2041 947 2077; x_wconf 90' lang='lat' dir='ltr'>radiis</span> <span class='ocrx_word' id='word_1_233' title='bbox 979 2040 1089 2077; x_wconf 89' lang='lat' dir='ltr'>dedit</span> <span class='ocrx_word' id='word_1_234' title='bbox 1119 2040 1195 2076; x_wconf 86' lang='lat' dir='ltr'>icta</span> <span class='ocrx_word' id='word_1_235' title='bbox 1226 2040 1330 2076; x_wconf 88' lang='lat' dir='ltr'>foras</span> <span class='ocrx_word' id='word_1_236' title='bbox 1366 2039 1432 2074; x_wconf 83' lang='lat' dir='ltr'>lux</span> 
     </span>
    </p>
   </div>
   <div class='ocr_carea' id='block_1_3' title="bbox 416 2130 1535 2137">
    <p class='ocr_par' dir='ltr' id='par_1_3' title="bbox 416 2130 1535 2137">
     <span class='ocr_line' id='line_1_35' title="bbox 416 2130 1535 2137; baseline 0 0"><span class='ocrx_word' id='word_1_237' title='bbox 416 2130 1535 2137; x_wconf 95' lang='lat' dir='ltr'> </span> 
     </span>
    </p>
   </div>
   <div class='ocr_carea' id='block_1_4' title="bbox 117 2171 1547 2309">
    <p class='ocr_par' dir='ltr' id='par_1_4' title="bbox 117 2171 1547 2309">
     <span class='ocr_line' id='line_1_36' title="bbox 122 2171 1547 2217; baseline -0.004 -8"><span class='ocrx_word' id='word_1_238' title='bbox 122 2185 158 2216; x_wconf 89' lang='lat'>17</span> <span class='ocrx_word' id='word_1_239' title='bbox 187 2183 262 2209; x_wconf 86' lang='lat' dir='ltr'>tum</span> <span class='ocrx_word' id='word_1_240' title='bbox 285 2189 315 2208; x_wconf 86' lang='lat' dir='ltr'>v.</span> <span class='ocrx_word' id='word_1_241' title='bbox 342 2178 364 2208; x_wconf 89' lang='lat'>1.</span> <span class='ocrx_word' id='word_1_242' title='bbox 438 2181 479 2209; x_wconf 83' lang='lat'>18</span> <span class='ocrx_word' id='word_1_243' title='bbox 503 2178 594 2208; x_wconf 90' lang='lat' dir='ltr'>Non.</span> <span class='ocrx_word' id='word_1_244' title='bbox 612 2177 677 2217; x_wconf 85' lang='lat'>378</span> <span class='ocrx_word' id='word_1_245' title='bbox 719 2185 729 2206; x_wconf 93' lang='lat'>1</span> <span class='ocrx_word' id='word_1_246' title='bbox 758 2181 935 2207; x_wconf 77' lang='lat' dir='ltr'>saneneta:</span> <span class='ocrx_word' id='word_1_247' title='bbox 963 2185 1014 2206; x_wconf 88' lang='lat' dir='ltr'>em</span> <span class='ocrx_word' id='word_1_248' title='bbox 1040 2175 1084 2205; x_wconf 88' lang='lat' dir='ltr'>V.</span> <span class='ocrx_word' id='word_1_249' title='bbox 1136 2183 1152 2204; x_wconf 87' lang='lat'><em>2</em></span> <span class='ocrx_word' id='word_1_250' title='bbox 1177 2179 1317 2216; x_wconf 73' lang='lat' dir='ltr'>cognom</span> <span class='ocrx_word' id='word_1_251' title='bbox 1343 2184 1371 2203; x_wconf 81' lang='lat' dir='ltr'>v.</span> <span class='ocrx_word' id='word_1_252' title='bbox 1394 2173 1413 2203; x_wconf 90' lang='lat' dir='ltr'>l.</span> <span class='ocrx_word' id='word_1_253' title='bbox 1463 2171 1547 2204; x_wconf 71' lang='lat' dir='ltr'>‘cito’</span> 
     </span>
     <span class='ocr_line' id='line_1_37' title="bbox 121 2218 1545 2261; baseline -0.004 -7"><span class='ocrx_word' id='word_1_254' title='bbox 121 2233 163 2261; x_wconf 83' lang='lat'>¹9</span> <span class='ocrx_word' id='word_1_255' title='bbox 185 2223 290 2254; x_wconf 89' lang='lat' dir='ltr'>Macr.</span> <span class='ocrx_word' id='word_1_256' title='bbox 317 2228 377 2254; x_wconf 89' lang='lat' dir='ltr'>sat.</span> <span class='ocrx_word' id='word_1_257' title='bbox 398 2222 428 2261; x_wconf 83' lang='lat'>6,</span> <span class='ocrx_word' id='word_1_258' title='bbox 451 2232 478 2260; x_wconf 92' lang='lat'>1,</span> <span class='ocrx_word' id='word_1_259' title='bbox 500 2231 537 2253; x_wconf 90' lang='lat'>12</span> <span class='ocrx_word' id='word_1_260' title='bbox 648 2231 692 2253; x_wconf 86' lang='grc' dir='ltr'>2ο</span> <span class='ocrx_word' id='word_1_261' title='bbox 716 2221 813 2252; x_wconf 82' lang='lat' dir='ltr'>Char.</span> <span class='ocrx_word' id='word_1_262' title='bbox 832 2221 892 2252; x_wconf 87' lang='lat' dir='ltr'>GL</span> <span class='ocrx_word' id='word_1_263' title='bbox 910 2222 925 2251; x_wconf 90' lang='grc' dir='ltr'>Ι</span> <span class='ocrx_word' id='word_1_264' title='bbox 945 2229 988 2261; x_wconf 85' lang='grc'>90</span> <span class='ocrx_word' id='word_1_265' title='bbox 1012 2219 1154 2261; x_wconf 82' lang='lat' dir='ltr'>Explan.</span> <span class='ocrx_word' id='word_1_266' title='bbox 1173 2220 1207 2250; x_wconf 91' lang='lat' dir='ltr'>in</span> <span class='ocrx_word' id='word_1_267' title='bbox 1226 2220 1312 2249; x_wconf 89' lang='lat' dir='ltr'>Don.</span> <span class='ocrx_word' id='word_1_268' title='bbox 1333 2219 1393 2250; x_wconf 89' lang='lat' dir='ltr'>GL</span> <span class='ocrx_word' id='word_1_269' title='bbox 1411 2219 1462 2249; x_wconf 82' lang='lat' dir='ltr'>IV</span> <span class='ocrx_word' id='word_1_270' title='bbox 1483 2218 1545 2259; x_wconf 81' lang='lat'>563</span> 
     </span>
     <span class='ocr_line' id='line_1_38' title="bbox 117 2264 1544 2309; baseline -0.004 -9"><span class='ocrx_word' id='word_1_271' title='bbox 117 2271 208 2300; x_wconf 91' lang='lat' dir='ltr'>Non.</span> <span class='ocrx_word' id='word_1_272' title='bbox 229 2276 290 2309; x_wconf 88' lang='lat'>215</span> <span class='ocrx_word' id='word_1_273' title='bbox 339 2269 484 2299; x_wconf 87' lang='lat' dir='ltr'>Veneris</span> <span class='ocrx_word' id='word_1_274' title='bbox 508 2268 607 2299; x_wconf 85' lang='lat' dir='ltr'>verba</span> <span class='ocrx_word' id='word_1_275' title='bbox 647 2270 701 2303; x_wconf 79' lang='lat' dir='ltr'>da,</span> <span class='ocrx_word' id='word_1_276' title='bbox 727 2269 887 2297; x_wconf 71' lang='lat' dir='ltr'>m‘tnlz&#39;sll&#39;</span> <span class='ocrx_word' id='word_1_277' title='bbox 907 2267 998 2297; x_wconf 90' lang='lat' dir='ltr'>Non.</span> <span class='ocrx_word' id='word_1_278' title='bbox 1017 2265 1048 2295; x_wconf 95' lang='lat' dir='ltr'>ll.</span> <span class='ocrx_word' id='word_1_279' title='bbox 1099 2268 1208 2307; x_wconf 76' lang='lat' dir='ltr'>neptis</span> <span class='ocrx_word' id='word_1_280' title='bbox 1232 2265 1323 2295; x_wconf 91' lang='lat' dir='ltr'>Non.</span> <span class='ocrx_word' id='word_1_281' title='bbox 1341 2275 1371 2294; x_wconf 85' lang='lat' dir='ltr'>v.</span> <span class='ocrx_word' id='word_1_282' title='bbox 1392 2264 1412 2294; x_wconf 94' lang='lat' dir='ltr'>l.</span> <span class='ocrx_word' id='word_1_283' title='bbox 1506 2274 1544 2295; x_wconf 89' lang='grc' dir='ltr'>2ι</span> 
     </span>
    </p>
   </div>
   <div class='ocr_carea' id='block_1_5' title="bbox 117 2309 1552 2673">
    <p class='ocr_par' dir='ltr' id='par_1_5' title="bbox 117 2309 1552 2673">
     <span class='ocr_line' id='line_1_39' title="bbox 117 2309 1550 2354; baseline -0.003 -9"><span class='ocrx_word' id='word_1_284' title='bbox 117 2316 209 2346; x_wconf 89' lang='lat' dir='ltr'>Non.</span> <span class='ocrx_word' id='word_1_285' title='bbox 230 2314 294 2354; x_wconf 84' lang='lat'>306</span> <span class='ocrx_word' id='word_1_286' title='bbox 342 2314 465 2345; x_wconf 89' lang='lat' dir='ltr'>milites</span> <span class='ocrx_word' id='word_1_287' title='bbox 489 2313 608 2344; x_wconf 89' lang='lat' dir='ltr'>Amuli</span> <span class='ocrx_word' id='word_1_288' title='bbox 633 2314 724 2343; x_wconf 88' lang='lat' dir='ltr'>iussu</span> <span class='ocrx_word' id='word_1_289' title='bbox 748 2322 868 2353; x_wconf 85' lang='lat' dir='ltr'>pueros</span> <span class='ocrx_word' id='word_1_290' title='bbox 894 2316 1066 2353; x_wconf 84' lang='lat' dir='ltr'>exponunt</span> <span class='ocrx_word' id='word_1_291' title='bbox 1142 2320 1185 2341; x_wconf 89' lang='lat'>22</span> <span class='ocrx_word' id='word_1_292' title='bbox 1209 2309 1312 2351; x_wconf 85' lang='lat' dir='ltr'>Apul.</span> <span class='ocrx_word' id='word_1_293' title='bbox 1332 2310 1423 2341; x_wconf 89' lang='lat' dir='ltr'>Socr.</span> <span class='ocrx_word' id='word_1_294' title='bbox 1443 2318 1460 2339; x_wconf 91' lang='lat'>2</span> <span class='ocrx_word' id='word_1_295' title='bbox 1480 2320 1511 2350; x_wconf 88' lang='lat' dir='ltr'>p.</span> <span class='ocrx_word' id='word_1_296' title='bbox 1530 2309 1550 2340; x_wconf 86' lang='lat'>6</span> 
     </span>
     <span class='ocr_line' id='line_1_40' title="bbox 118 2354 1550 2400; baseline -0.004 -9"><span class='ocrx_word' id='word_1_297' title='bbox 118 2361 218 2391; x_wconf 88' lang='lat' dir='ltr'>Mart.</span> <span class='ocrx_word' id='word_1_298' title='bbox 239 2360 321 2400; x_wconf 89' lang='lat' dir='ltr'>Cap.</span> <span class='ocrx_word' id='word_1_299' title='bbox 344 2368 370 2396; x_wconf 88' lang='grc' dir='ltr'>Ι,</span> <span class='ocrx_word' id='word_1_300' title='bbox 389 2368 431 2399; x_wconf 91' lang='lat'>42</span> <span class='ocrx_word' id='word_1_301' title='bbox 479 2368 492 2390; x_wconf 91' lang='grc' dir='ltr'>Ι</span> <span class='ocrx_word' id='word_1_302' title='bbox 524 2361 686 2400; x_wconf 82' lang='lat' dir='ltr'>Ceresque</span> <span class='ocrx_word' id='word_1_303' title='bbox 734 2366 750 2387; x_wconf 88' lang='lat'>2</span> <span class='ocrx_word' id='word_1_304' title='bbox 776 2359 935 2399; x_wconf 76' lang='lat' dir='ltr'>luppiter</span> <span class='ocrx_word' id='word_1_305' title='bbox 959 2358 1058 2388; x_wconf 84' lang='lat' dir='ltr'>Mart.</span> <span class='ocrx_word' id='word_1_306' title='bbox 1152 2365 1196 2392; x_wconf 87' lang='lat'>23</span> <span class='ocrx_word' id='word_1_307' title='bbox 1221 2356 1310 2387; x_wconf 82' lang='lat' dir='ltr'>Serv.</span> <span class='ocrx_word' id='word_1_308' title='bbox 1329 2357 1417 2386; x_wconf 89' lang='lat' dir='ltr'>Aen.</span> <span class='ocrx_word' id='word_1_309' title='bbox 1436 2365 1466 2395; x_wconf 83' lang='lat'>4,</span> <span class='ocrx_word' id='word_1_310' title='bbox 1486 2354 1550 2395; x_wconf 84' lang='lat'>576</span> 
     </span>
     <span class='ocr_line' id='line_1_41' title="bbox 118 2400 1551 2445; baseline -0.004 -9"><span class='ocrx_word' id='word_1_311' title='bbox 118 2406 208 2436; x_wconf 92' lang='lat' dir='ltr'>Don.</span> <span class='ocrx_word' id='word_1_312' title='bbox 227 2405 289 2436; x_wconf 89' lang='lat' dir='ltr'>GL</span> <span class='ocrx_word' id='word_1_313' title='bbox 307 2406 360 2435; x_wconf 92' lang='lat' dir='ltr'>IV</span> <span class='ocrx_word' id='word_1_314' title='bbox 378 2413 444 2445; x_wconf 86' lang='lat'>394</span> <span class='ocrx_word' id='word_1_315' title='bbox 462 2405 594 2436; x_wconf 89' lang='lat' dir='ltr'>Sacerd.</span> <span class='ocrx_word' id='word_1_316' title='bbox 616 2404 677 2435; x_wconf 87' lang='lat' dir='ltr'>GL</span> <span class='ocrx_word' id='word_1_317' title='bbox 694 2404 747 2434; x_wconf 85' lang='lat' dir='ltr'>VI</span> <span class='ocrx_word' id='word_1_318' title='bbox 764 2411 830 2444; x_wconf 83' lang='lat'>450</span> <span class='ocrx_word' id='word_1_319' title='bbox 854 2403 909 2434; x_wconf 85' lang='lat' dir='ltr'>alii</span> <span class='ocrx_word' id='word_1_320' title='bbox 951 2404 1103 2444; x_wconf 76' lang='lat' dir='ltr'>pulchra</span> <span class='ocrx_word' id='word_1_321' title='bbox 1127 2403 1272 2432; x_wconf 76' lang='lat' dir='ltr'>dearum</span> <span class='ocrx_word' id='word_1_322' title='bbox 1297 2400 1428 2432; x_wconf 84' lang='lat' dir='ltr'>Sacerd.</span> <span class='ocrx_word' id='word_1_323' title='bbox 1507 2409 1551 2437; x_wconf 81' lang='lat'>24</span> 
     </span>
     <span class='ocr_line' id='line_1_42' title="bbox 118 2447 1551 2491; baseline -0.004 -9"><span class='ocrx_word' id='word_1_324' title='bbox 118 2451 216 2482; x_wconf 87' lang='lat' dir='ltr'>Varr.</span> <span class='ocrx_word' id='word_1_325' title='bbox 233 2451 311 2491; x_wconf 81' lang='lat' dir='ltr'>ling.</span> <span class='ocrx_word' id='word_1_326' title='bbox 331 2458 361 2489; x_wconf 87' lang='lat'>7,</span> <span class='ocrx_word' id='word_1_327' title='bbox 383 2457 399 2491; x_wconf 92' lang='grc'>5</span> <span class='ocrx_word' id='word_1_328' title='bbox 449 2450 512 2481; x_wconf 91' lang='lat' dir='ltr'>Ov.</span> <span class='ocrx_word' id='word_1_329' title='bbox 530 2456 608 2480; x_wconf 84' lang='lat' dir='ltr'>met.</span> <span class='ocrx_word' id='word_1_330' title='bbox 633 2458 683 2489; x_wconf 85' lang='lat'>14,</span> <span class='ocrx_word' id='word_1_331' title='bbox 701 2449 764 2479; x_wconf 87' lang='lat'>812</span> <span class='ocrx_word' id='word_1_332' title='bbox 792 2450 866 2480; x_wconf 84' lang='lat' dir='ltr'>fast.</span> <span class='ocrx_word' id='word_1_333' title='bbox 888 2457 918 2485; x_wconf 91' lang='lat'>2,</span> <span class='ocrx_word' id='word_1_334' title='bbox 936 2449 999 2489; x_wconf 86' lang='lat'>485</span> <span class='ocrx_word' id='word_1_335' title='bbox 1048 2447 1203 2486; x_wconf 77' lang='lat' dir='ltr'>intellege</span> <span class='ocrx_word' id='word_1_336' title='bbox 1227 2448 1413 2478; x_wconf 80' lang='lat' dir='ltr'>Romulum</span> <span class='ocrx_word' id='word_1_337' title='bbox 1508 2455 1551 2483; x_wconf 85' lang='lat'>25</span> 
     </span>
     <span class='ocr_line' id='line_1_43' title="bbox 118 2489 1552 2536; baseline -0.004 -9"><span class='ocrx_word' id='word_1_338' title='bbox 118 2497 210 2528; x_wconf 91' lang='lat' dir='ltr'>Non.</span> <span class='ocrx_word' id='word_1_339' title='bbox 229 2496 293 2536; x_wconf 82' lang='lat'>378</span> <span class='ocrx_word' id='word_1_340' title='bbox 338 2504 355 2525; x_wconf 88' lang='lat'>2</span> <span class='ocrx_word' id='word_1_341' title='bbox 382 2499 418 2527; x_wconf 83' lang='lat' dir='ltr'>in</span> <span class='ocrx_word' id='word_1_342' title='bbox 443 2501 559 2536; x_wconf 77' lang='lat' dir='ltr'>campo</span> <span class='ocrx_word' id='word_1_343' title='bbox 584 2495 682 2526; x_wconf 90' lang='lat' dir='ltr'>codd.</span> <span class='ocrx_word' id='word_1_344' title='bbox 716 2500 899 2535; x_wconf 80' lang='lat' dir='ltr'>praemens</span> <span class='ocrx_word' id='word_1_345' title='bbox 915 2494 1010 2525; x_wconf 91' lang='lat' dir='ltr'>codd.</span> <span class='ocrx_word' id='word_1_346' title='bbox 1081 2495 1126 2523; x_wconf 87' lang='lat'>26</span> <span class='ocrx_word' id='word_1_347' title='bbox 1150 2493 1240 2523; x_wconf 85' lang='lat' dir='ltr'>Non.</span> <span class='ocrx_word' id='word_1_348' title='bbox 1263 2500 1324 2531; x_wconf 82' lang='lat'>134</span> <span class='ocrx_word' id='word_1_349' title='bbox 1366 2489 1552 2533; x_wconf 74' lang='lat' dir='ltr'>‘pugnant&#39;</span> 
     </span>
     <span class='ocr_line' id='line_1_44' title="bbox 120 2536 1547 2583; baseline -0.005 -10"><span class='ocrx_word' id='word_1_350' title='bbox 120 2543 179 2583; x_wconf 90' lang='lat' dir='ltr'>qui</span> <span class='ocrx_word' id='word_1_351' title='bbox 203 2542 438 2573; x_wconf 87' lang='lat' dir='ltr'>certaminibus</span> <span class='ocrx_word' id='word_1_352' title='bbox 455 2551 474 2571; x_wconf 88' lang='lat' dir='ltr'>a</span> <span class='ocrx_word' id='word_1_353' title='bbox 493 2541 604 2582; x_wconf 87' lang='lat' dir='ltr'>pueris</span> <span class='ocrx_word' id='word_1_354' title='bbox 624 2541 783 2571; x_wconf 84' lang='lat' dir='ltr'>institutis</span> <span class='ocrx_word' id='word_1_355' title='bbox 800 2540 921 2570; x_wconf 85' lang='lat' dir='ltr'>adsunt</span> <span class='ocrx_word' id='word_1_356' title='bbox 991 2549 1033 2576; x_wconf 88' lang='grc'>27</span> <span class='ocrx_word' id='word_1_357' title='bbox 1059 2538 1126 2569; x_wconf 89' lang='lat' dir='ltr'>Cic.</span> <span class='ocrx_word' id='word_1_358' title='bbox 1145 2538 1211 2568; x_wconf 85' lang='lat' dir='ltr'>div.</span> <span class='ocrx_word' id='word_1_359' title='bbox 1232 2546 1259 2573; x_wconf 86' lang='lat'>1,</span> <span class='ocrx_word' id='word_1_360' title='bbox 1284 2544 1343 2576; x_wconf 89' lang='lat'>107</span> <span class='ocrx_word' id='word_1_361' title='bbox 1360 2537 1373 2567; x_wconf 88' lang='lat' dir='ltr'><strong>f</strong></span> <span class='ocrx_word' id='word_1_362' title='bbox 1409 2539 1427 2568; x_wconf 83' lang='lat' dir='ltr'><em>b</em></span> <span class='ocrx_word' id='word_1_363' title='bbox 1449 2536 1487 2567; x_wconf 83' lang='lat'>16</span> <span class='ocrx_word' id='word_1_364' title='bbox 1505 2552 1547 2563; x_wconf 68' lang='grc' dir='ltr'>Ξ</span> 
     </span>
     <span class='ocr_line' id='line_1_45' title="bbox 121 2582 1548 2628; baseline -0.004 -10"><span class='ocrx_word' id='word_1_365' title='bbox 121 2587 206 2619; x_wconf 86' lang='lat' dir='ltr'>Gell.</span> <span class='ocrx_word' id='word_1_366' title='bbox 222 2594 252 2627; x_wconf 86' lang='lat'>7,</span> <span class='ocrx_word' id='word_1_367' title='bbox 266 2586 297 2624; x_wconf 88' lang='lat'>6,</span> <span class='ocrx_word' id='word_1_368' title='bbox 312 2595 331 2628; x_wconf 87' lang='lat'>9</span> <span class='ocrx_word' id='word_1_369' title='bbox 381 2586 523 2618; x_wconf 87' lang='lat' dir='ltr'>Romuli</span> <span class='ocrx_word' id='word_1_370' title='bbox 537 2587 708 2626; x_wconf 87' lang='lat' dir='ltr'>Remique</span> <span class='ocrx_word' id='word_1_371' title='bbox 726 2586 897 2626; x_wconf 74' lang='lat' dir='ltr'>auguriiim</span> <span class='ocrx_word' id='word_1_372' title='bbox 938 2587 956 2616; x_wconf 85' lang='lat' dir='ltr'><em>b</em></span> <span class='ocrx_word' id='word_1_373' title='bbox 978 2593 990 2615; x_wconf 93' lang='lat'>1</span> <span class='ocrx_word' id='word_1_374' title='bbox 1012 2588 1047 2615; x_wconf 74' lang='lat' dir='ltr'>z&#39;n</span> <span class='ocrx_word' id='word_1_375' title='bbox 1066 2588 1177 2615; x_wconf 77' lang='lat' dir='ltr'>monte</span> <span class='ocrx_word' id='word_1_376' title='bbox 1193 2583 1269 2614; x_wconf 90' lang='lat' dir='ltr'>add.</span> <span class='ocrx_word' id='word_1_377' title='bbox 1289 2582 1356 2614; x_wconf 88' lang='lat' dir='ltr'>Cic.</span> <span class='ocrx_word' id='word_1_378' title='bbox 1400 2591 1416 2612; x_wconf 93' lang='lat'><em>2</em></span> <span class='ocrx_word' id='word_1_379' title='bbox 1434 2587 1548 2614; x_wconf 78' lang='lat' dir='ltr'>autem</span> 
     </span>
     <span class='ocr_line' id='line_1_46' title="bbox 120 2632 662 2673; baseline -0.002 -11"><span class='ocrx_word' id='word_1_380' title='bbox 120 2643 151 2663; x_wconf 90' lang='lat' dir='ltr'>v.</span> <span class='ocrx_word' id='word_1_381' title='bbox 177 2633 198 2664; x_wconf 93' lang='lat'>1.</span> <span class='ocrx_word' id='word_1_382' title='bbox 247 2641 264 2673; x_wconf 89' lang='lat'>3</span> <span class='ocrx_word' id='word_1_383' title='bbox 286 2634 536 2664; x_wconf 78' lang='lat' dir='ltr'>altevolantum</span> <span class='ocrx_word' id='word_1_384' title='bbox 567 2632 662 2662; x_wconf 90' lang='lat' dir='ltr'>codd.</span> 
     </span>
    </p>
   </div>
   <div class='ocr_carea' id='block_1_6' title="bbox 1308 2686 1344 2715">
    <p class='ocr_par' dir='ltr' id='par_1_6' title="bbox 1308 2686 1344 2715">
     <span class='ocr_line' id='line_1_47' title="bbox 1308 2686 1344 2715; baseline 0 -12"><span class='ocrx_word' id='word_1_385' title='bbox 1308 2686 1344 2715; x_wconf 81' lang='lat'>2*</span> 
     </span>
    </p>
   </div>
  </div>
 </body>
</html>
