1747 2865
755 106 898 130 coch
1496 101 1547 146 60

112 220 165 254 26
227 215 342 266 (903)
384 222 547 265 propter
581 211 792 264 peccatum
828 211 1080 264 pausillulum
1108 210 1380 264 indignissime

382 269 510 322 patrie
544 273 784 322 protelatum
815 268 902 310 esse
932 268 1096 309 saevitia
1126 271 1245 320 patris

113 334 163 368 27
227 329 294 380 (92
309 328 364 380 ss)
387 325 510 367 habet
541 335 791 378 potestatem.
814 351 868 356 —
889 325 957 366 ubi
987 324 1258 378 potestatem?
1280 349 1335 354 —
1355 328 1462 365 senis

382 382 508 436 pretie
541 387 770 430 contendas,
802 382 846 423 ut
875 387 1087 435 redempto
1119 381 1318 422 Phaedria

384 439 500 481 liceat
529 444 658 480 redire
688 439 896 492 antiquam
927 443 966 479 in
998 438 1331 480 consuetudinem

113 504 165 540 28
227 499 314 551 (97)
384 496 543 537 remulis
573 496 722 538 sensim
753 500 868 537 celox
897 501 948 537 ab
981 495 1134 549 eppido
1165 495 1414 548 processerat

113 561 166 596 29
198 556 340 608 (1008)
385 570 506 606 quern
537 557 630 594 olim
662 553 812 602 ederat,
843 553 1016 594 sectetur
1044 557 1146 594 ultro
1176 569 1224 593 ac
1254 552 1426 596 detinet:

384 615 448 652 ille
478 610 654 651 insolens
684 620 819 651 autem
850 610 894 651 1'1t
922 614 1072 651 fastidit
1097 610 1298 650 ce'trnifex!

114 675 166 711 30
200 670 316 722 (102)
386 667 508 708 viden
546 677 588 707 tu
618 671 781 720 Phrygis
811 667 1039 708 incessum?
1072 683 1193 719 quam
1225 676 1283 708 est
1318 666 1549 708 confidens!

1081 728 1121 764 di
1151 728 1277 765 istunc
1307 722 1495 776 perduint

114 788 166 824 31
199 783 315 834 (104)
389 785 425 822 ei
455 780 571 833 perii!
614 785 733 822 viden
777 791 820 821 ut
852 780 1049 822 osculatur
1089 781 1264 821 cziriem?
1305 796 1403 821 num
1442 785 1551 821 illum

1195 837 1308 878 illaec
1338 842 1493 890 pudet?

114 902 168 937 32
200 896 343 948 (1098)
384 894 685 947 intercapedine
716 894 940 943 interficior,
972 894 1170 936 desiderio
1202 894 1387 936 differor:

386 961 428 991 tu
459 951 557 992 mihi
588 956 795 1004 cupiditas,
828 952 1040 992 suavitudo
1073 962 1110 993 et
1141 951 1220 992 mei
1250 955 1372 992 animi
1404 967 1550 1004 expec-

1397 1009 1494 1050 tetio

115 1073 168 1108 33
201 1067 316 1119 (112)
385 1065 532 1106 veritus
563 1082 661 1114 sum,
707 1081 759 1106 ne
803 1065 950 1107 amoris
991 1081 1111 1106 causa
1151 1082 1241 1106 cum
1282 1065 1348 1106 illa
1387 1065 1553 1106 limassit

1376 1133 1496 1175 caput

116 1186 169 1222 34
202 1181 296 1232 (113
314 1181 348 1233 s)
900 1179 1088 1221 miseram
1119 1190 1267 1221 terrent
1297 1196 1362 1220 me
1393 1179 1550 1220 omnia:

388 1240 506 1277 maris
536 1236 700 1289 scopuli,
743 1241 905 1286 sonitus,
947 1241 1131 1285 solitudo,
1173 1238 1401 1278 sanctitudo
1425 1235 1550 1289 Apol-

1407 1298 1494 1335 linis

116 1358 168 1393 35
202 1352 237 1403 (1
252 1363 298 1402 15
312 1351 365 1403 ss)
387 1367 412 1390 a
440 1374 469 1390 0
488 1386 514 1391 -
533 1374 562 1391 0
582 1386 608 1391 -
629 1374 658 1391 0
677 1386 703 1391 -
722 1375 751 1391 0
770 1386 796 1391 -
815 1374 845 1392 0
866 1351 899 1392 si
932 1355 1095 1404 quidem
1126 1355 1174 1392 sit
1206 1350 1419 1404 quisquam
1441 1355 1553 1402 deus,

445 1411 507 1448 cui
540 1407 613 1460 ego
645 1411 719 1448 sim
750 1424 868 1448 curae

390 1467 411 1504 b
447 1468 527 1505 heu
557 1481 622 1505 me
656 1465 875 1506 infelicem!
916 1491 971 1494 —
1004 1465 1177 1506 sanusne
1209 1480 1262 1513 es,
1305 1469 1372 1517 qui
1402 1464 1554 1505 temere

1246 1522 1495 1562 lamentere?

398 1596 416 1618 c
445 1588 495 1627 te,
526 1578 674 1631 Apello
705 1590 852 1628 sancte,
885 1579 944 1619 fer
964 1594 1096 1631 opem,
1129 1588 1262 1631 teque,
1295 1578 1554 1631 omnipotens

1102 1640 1305 1688 Neptune,
1338 1635 1495 1685 invoco,

446 1708 600 1745 vosque
631 1692 745 1741 edeQ
778 1697 906 1733 venti!

391 1753 419 1789 d
442 1773 472 1790 0
503 1785 526 1790 -
556 1773 585 1790 0
614 1785 640 1790 -
669 1774 697 1791 0
727 1786 753 1791 -
782 1775 810 1790 0
841 1786 866 1791 -
890 1766 984 1791 nam
1027 1749 1125 1802 quid
1168 1765 1240 1802 ego
1271 1759 1310 1790 te
1340 1749 1553 1802 appellem,

1330 1810 1496 1847 Venus?

119 1870 171 1905 36
203 1865 319 1916 (125)
390 1863 543 1904 utinam
583 1880 688 1904 nunc
729 1868 837 1916 apud
877 1868 1009 1917 ignem
1051 1864 1223 1916 eliquem
1259 1879 1449 1916 magnum
1479 1868 1553 1904 ad-

1102 1921 1253 1961 sidam!
1284 1956 1310 1961 -
1329 1944 1358 1960 0
1378 1957 1402 1960 -
1422 1945 1451 1961 0
1472 1956 1497 1961 .-

119 1984 169 2019 37
205 1978 301 2029 (133
314 1978 368 2030 ss)
1051 1982 1197 2018 abhinc
1227 1977 1440 2018 triennium

390 2033 646 2074 sacerrimum
677 2034 922 2075 domicilium
953 2039 1031 2075 hoc
1062 2039 1226 2087 quidam
1257 2034 1422 2074 contulit

393 2090 485 2131 leno

119 2218 165 2246 26
187 2216 278 2247 Non.
304 2217 368 2256 363
420 2218 639 2256 (Lemniae
671 2218 712 2248 ef.
739 2215 895 2263 Λημνίαι
930 2218 1135 2260 Antiphanis
1160 2217 1289 2259 Diphili
1313 2217 1378 2254 all„
1412 2215 1556 2263 Λημνία

119 2260 284 2300 Alexidis)
331 2270 344 2292 1
365 2264 562 2303 pausillum
585 2273 688 2294 unus:
715 2263 858 2304 probant
878 2264 954 2295 edd.
997 2272 1014 2294 2
1041 2261 1239 2295 ‘exclusum’
1311 2273 1353 2300 27
1378 2264 1470 2294 Non.
1491 2270 1554 2304 259

124 2315 136 2337 1
152 2308 250 2338 habes
264 2307 370 2337 Ribb.
407 2304 511 2339 ετιόι“ἓ’
524 2326 568 2330 -
581 2305 789 2349 ‘potestatem
805 2306 844 2340 s.’
862 2309 1009 2351 Lindsay
1047 2318 1063 2339 2
1082 2306 1306 2351 ‘extorqueas’
1343 2309 1556 2340 Phaedriae?

120 2355 164 2384 28
188 2353 282 2383 Non.
303 2359 366 2393 533
409 2358 467 2383 aut
499 2365 528 2384 r.
559 2354 564 2395 Ι
591 2365 628 2391 s.‚
665 2354 767 2385 veluti
806 2353 955 2396 (tacitis)
979 2367 1008 2386 r.
1039 2355 1165 2385 Kiessl.
1302 2364 1347 2391 29
1371 2355 1462 2385 Non.
1489 2362 1554 2394 322

121 2398 371 2437 (Leucadia,
397 2395 575 2431 Λευκαδία
593 2400 781 2438 Menandri)
824 2408 841 2430 2
857 2402 1013 2443 fastidia
1030 2400 1062 2431 ll.
1127 2409 1171 2437 30
1187 2400 1279 2430 Non.
1300 2399 1362 2430 262
1388 2402 1556 2431 videntur

121 2443 287 2485 (videtur)
302 2445 434 2486 frzgrus
459 2444 492 2474 ll.
583 2453 620 2481 31
652 2446 742 2475 Non.
763 2453 800 2475 21
845 2448 931 2487 peri
952 2446 984 2476 ll.
1034 2458 1118 2476 num
1143 2447 1256 2476 hilum
1282 2445 1424 2476 Mueller
1511 2454 1555 2483 32

120 2490 212 2519 Non.
234 2496 294 2529 173
345 2493 404 2520 tu:
428 2493 467 2520 tu
490 2500 522 2520 es
547 2490 672 2521 Ribb.:
700 2495 762 2521 tua
784 2490 817 2520 ll.
912 2500 955 2528 33
979 2492 1071 2522 Non.
1093 2499 1157 2531 334
1207 2493 1355 2522 limassz't
1379 2493 1450 2529 (-et)
1475 2501 1506 2522 v.
1531 2491 1553 2522 l.

121 2543 165 2571 34
181 2535 273 2566 Non.
296 2541 358 2575 174
398 2536 564 2576 apollonis
581 2546 611 2565 v.
630 2535 650 2566 1.
716 2545 759 2573 35
777 2535 844 2567 Cic.
863 2537 962 2568 Tusc.
983 2546 1013 2577 4,
1035 2544 1074 2575 72
1123 2548 1138 2568 c
1161 2545 1172 2566 1
1203 2541 1253 2567 te:
1269 2541 1303 2567 et
1326 2537 1404 2567 boni
1437 2541 1556 2578 tequea

120 2580 201 2610 boni
315 2582 361 2617 36
384 2581 476 2611 Non.
497 2587 558 2620 522
612 2579 667 2623 (ο)
695 2584 831 2612 utinam
855 2582 961 2612 Ribb.
1079 2591 1121 2619 37
1146 2583 1239 2614 Non.
1257 2588 1321 2622 397
1371 2582 1554 2621 (Lindia)

123 2633 139 2654 2
164 2636 386 2657 sacerrumus
409 2625 519 2656 Bothe
