1747 2865
202 97 255 135 60
771 99 849 121 STA.
876 97 1067 121 CAEanvs

305 207 375 258 46)
445 202 573 243 nullus
614 218 712 250 sum,
755 206 828 242 nisi
871 200 1003 242 meam
1046 217 1129 241 rem
1159 205 1240 241 iam
1271 216 1433 242 omnem
1463 201 1635 254 propero

1197 261 1380 299 incursim
1411 257 1578 310 perdere

306 331 356 368 47
372 320 404 370 s)
447 317 561 356 facile
588 330 822 356 aerumnam
843 314 945 355 ferre
965 324 1142 367 possunt,
1173 318 1205 355 si
1226 314 1321 355 inde
1341 319 1455 355 abest
1474 315 1634 355 iniuria:

445 373 564 413 etiam
593 372 786 420 iniuriam,
819 375 893 412 nisi
923 381 1062 412 contra
1092 371 1248 412 constat
1278 371 1559 412 contumeliam

333 433 376 485 o)
449 429 689 470 ossiculatim
721 428 1014 469 Parmenonem
1052 428 1103 468 de
1133 433 1196 469 via
1226 428 1341 469 liceat
1371 432 1503 481 legant

340 502 353 527 1
373 489 406 539 s)
757 486 885 526 ‘velim
917 485 1116 538 paulipser
1144 494 1183 526 te
1214 484 1414 537 opperiri’.
1446 511 1500 515 —-

448 542 694 595 ‘quantisper
707 541 738 582 ,³³
760 569 814 572 —
837 542 933 583 ‘non
963 546 1051 594 plus
1081 541 1271 582 ‘triduum'

205 609 257 643 20
307 602 376 655 55)
446 600 487 640 di
518 603 624 648 boni,
656 599 753 652 quid
784 603 879 640 illud
911 608 969 639 est
998 598 1262 651 pulchritatis!
1295 622 1324 639 υ
1343 634 1369 639 -

206 665 255 699 21
307 659 376 710 ol)
447 657 528 709 qui,
549 660 673 697 homo
694 656 967 709 ineptitr'idinis
984 656 1216 704 cumulatus,
1238 660 1385 696 cultum
1402 655 1548 696 oblitus
1565 659 1636 695 es?

206 721 258 756 22
309 716 376 767 70)
446 713 543 754 mihi
582 729 653 754 sex
693 729 850 754 menses
890 714 981 754 satis
1012 722 1103 753 sunt
1133 716 1246 761 vitae,
1287 711 1500 765 septimum
1533 715 1637 753 Orco

293 820 295 822 q
1396 768 1580 822 spondeo

207 836 260 871 23
293 830 378 881 (72)
448 830 590 880 garruli
621 831 704 867 sine
735 826 875 867 dentes
905 830 1063 875 iactent,
1094 826 1180 867 sine
1209 831 1407 867 nictentur
1435 825 1592 879 perticis

208 892 259 926 24
293 887 379 938 (73)
452 883 538 925 sine
580 900 693 925 suam
739 882 985 924 senectutem
1029 887 1148 924 ducat
1197 883 1333 936 utique
1383 888 1434 923 ad
1485 887 1638 923 senium

1436 939 1582 980 sorbilo

208 1006 260 1041 25
294 1000 379 1051 (78)
450 998 610 1050 quaeso,
651 1013 702 1038 ne
737 1007 885 1038 temere
927 1001 1031 1037 hanc
1060 996 1144 1037 rem
1175 1013 1279 1049 agas,
1320 1013 1371 1037 ne
1401 996 1641 1037 iracunditer

210 1063 261 1097 26
295 1058 364 1107 (70
377 1057 410 1108 s)
452 1071 546 1095 nam
587 1059 627 1094 hi
665 1053 757 1095 sunt
799 1058 945 1094 inimici
975 1053 1150 1106 pessumi
1181 1058 1310 1094 fronte
1341 1057 1477 1102 hilaro,
1520 1057 1641 1094 corde

1473 1110 1581 1158 tristi,

450 1184 551 1221 quos
593 1168 725 1221 neque
756 1178 799 1208 ut
828 1173 1057 1220 adprendas
1087 1167 1222 1220 neque
1252 1171 1307 1208 uti
1338 1167 1510 1208 dimittas
1541 1171 1639 1207 scias

209 1234 258 1269 ⁶37
311 1229 334 1267 8
340 1229 379 1280 5)
452 1241 546 1266 nam
576 1226 651 1266 ista
683 1229 845 1278 quidem
867 1241 974 1266 noxa
995 1224 1185 1265 muliebre
1207 1234 1265 1265 est
1285 1228 1407 1277 magis
1430 1224 1550 1277 quarn
1572 1227 1639 1263 viri

208 1291 260 1326 28
310 1285 379 1336 86)
452 1282 659 1323 obsorduit
688 1286 766 1322 iam
798 1286 898 1322 haec
928 1282 969 1322 in
1000 1297 1091 1323 mea
1121 1297 1313 1323 aerumna
1344 1281 1500 1322 miseria

209 1348 261 1384 29
311 1343 361 1392 87
449 1344 489 1380 in
520 1339 629 1380 voltu
660 1344 815 1387 eodem,
848 1343 886 1379 in
919 1339 1062 1379 eadem
1093 1348 1246 1379 mantat
1275 1339 1423 1379 malitia

209 1405 261 1440 30
311 1411 358 1449 01

369 1399 381 1450 )
451 1396 561 1449 quod
605 1400 850 1449 prolubium,
906 1395 1010 1448 quae
1055 1400 1258 1448 voluptas,
1303 1395 1406 1448 quae
1445 1405 1483 1435 te
1523 1399 1641 1435 lactat

1396 1452 1579 1505 largitas?

341 1514 380 1564 2)
452 1526 525 1564 ego
557 1510 652 1551 illud
683 1514 812 1551 minus
843 1514 924 1550 nilo
956 1509 1091 1562 exigor
1119 1508 1338 1562 portorium

338 1582 387 1608 01
406 1570 439 1621 s)
510 1572 651 1608 mirum
683 1568 786 1608 adeo
818 1571 891 1608 nisi
922 1566 1039 1607 frater
1070 1571 1181 1607 domi
1202 1566 1373 1607 ebriatus
1394 1570 1549 1606 turbam
1569 1569 1638 1605 ali-

1322 1623 1441 1676 quam
1473 1626 1583 1663 dedit

209 1682 309 1737 33l4
342 1685 439 1735 (104
455 1684 536 1735 s)o
555 1718 579 1721 -
610 1691 652 1721 ut
682 1697 821 1721 aurum
853 1691 892 1722 et
923 1680 1086 1729 vestem,
1119 1685 1229 1733 quod
1260 1680 1395 1721 matris
1426 1683 1507 1728 fuit,

501 1739 635 1787 reluat,
668 1743 778 1791 quod
810 1742 899 1778 viva
928 1737 1002 1790 ipsi
1034 1741 1220 1790 opposuit
1249 1737 1405 1790 pignori

209 1519 233 1611 0202

238 1520 261 1610 bot-⁶

212 1846 254 1874 16
276 1844 367 1874 Νο11.
386 1850 445 1882 127
474 1840 649 1874 ‘celeriter’
731 1852 770 1879 ¹7
788 1843 878 1873 Non.
898 1850 963 1882 430
1008 1851 1019 1872 1
1042 1847 1183 1883 possum
1208 1842 1283 1873 edd.
1327 1850 1343 1871 2
1370 1844 1451 1872 misi
1463 1851 1493 1870 v.
1511 1840 1530 1870 1.
1567 1851 1640 1871 con-

207 1894 303 1920 stant
318 1900 348 1919 v.
366 1888 386 1920 L
411 1890 617 1920 contumelia
634 1887 744 1919 Bothe
764 1898 839 1918 cum
857 1898 925 1919 uno
985 1890 1025 1918 18
1049 1888 1140 1918 Non.
1158 1885 1172 1904 1
1186 1893 1257 1928 147.
1277 1886 1290 1904 2
1300 1895 1363 1927 332
1406 1888 1515 1929 legam
1532 1882 1640 1916 Non.²

212 1944 254 1972 ¹9
277 1935 368 1965 Non.
389 1942 449 1975 511
501 1944 545 1965 2ο
560 1935 651 1965 Νο11.
675 1940 734 1974 155
762 1934 1108 1975 (Harpazomene
1140 1930 1459 1977 01.“Αρπαζόμενος
1484 1931 1537 1962 vel
1553 1928 1640 1974 ‘Ap-

209 1978 387 2026 παζομὲνη
421 1979 639 2019 Philemonis)
680 1980 818 2010 creticos
850 1979 990 2010 audiunt
1021 1980 1103 2009 Mue
1134 1979 1283 2019 Lindsay
1391 1987 1429 2008 21
1467 1977 1557 2008 Non.
1580 1975 1640 2006 128

208 2028 292 2067 equi
312 2026 420 2057 Ribb.
537 2035 580 2056 22
606 2025 674 2056 Cic.
693 2025 750 2055 fin.
779 2033 809 2062 2,
837 2033 876 2055 22
915 2023 1116 2066 (Hymnis
1151 2025 1193 2055 cf.
1218 2021 1337 2068 ’Ύμνις
1361 2021 1553 2062 Menandri)
1600 2021 1641 2052 cf.

210 2071 314 2102 Lucil.
341 2071 404 2112 663
431 2072 479 2101 M.
574 2080 618 2108 23
642 2072 671 2101 F
674 2078 733 2102 est.
764 2077 823 2109 177
853 2072 1015 2113 garrulis
1040 2072 1205 2101 medentes
1228 2069 1301 2101 cod.
1395 2078 1439 2105 24
1462 2069 1554 2099 Fest.
1576 2074 1641 2107 339

208 2118 399 2148 senectam?
422 2117 529 2147 Ribb.
586 2128 692 2158 usque
716 2116 858 2157 Bentley
883 2115 1077 2146 Lachmann
1133 2117 1272 2147 sorbitio
1296 2115 1389 2146 cod.:
1421 2124 1474 2145 em
1499 2112 1641 2153 Bentley

210 2172 253 2200 25
278 2163 368 2193 Νο11.
388 2170 450 2203 515
478 2162 760 2202 (Subditivos
790 2162 843 2192 vel
875 2161 1259 2203 Hypobolimaeus
1292 2161 1334 2191 cf.
1368 2157 1534 2202 Ὗποβολι
1563 2160 1639 2195 αῐος

210 2209 398 2248 Menandri)
453 2220 536 2250 agas
559 2213 593 2238 et
616 2207 704 2238 nell.
741 2207 783 2238 cf.
810 2208 901 2237 Men.
928 2208 987 2248 frg.
1015 2214 1079 2247 574
1100 2207 1171 2246 (K.)
1205 2204 1236 2238 εἰ
1266 2205 1325 2238 καὶ
1358 2203 1477 2250 σφόδρ’
1509 2203 1532 2237 ἆ
1555 2206 1640 2247 γεῖς,

211 2251 318 2299 μηδὲν
342 2251 576 2299 ἠρεθισμένος
601 2252 738 2298 πράξῃς
762 2257 941 2297 προπετῶς
988 2255 1032 2283 26
1057 2252 1141 2284 Gell.
1163 2259 1213 2293 15,
1228 2260 1259 2291 9,
1282 2260 1293 2281 1
1329 2252 1420 2282 Non.
1440 2257 1502 2291 205
1551 2258 1567 2279 2
1585 2250 1642 2280 ad-

207 2300 397 2339 prehendas
414 2299 446 2330 11.
495 2304 535 2330 ut
552 2299 584 2329 11.
618 2301 736 2329 mittas
755 2298 787 2329 11.
816 2303 945 2339 praeter
969 2299 1102 2329 Monac.
1134 2298 1256 2339 Speng.
1304 2309 1337 2328 n.
1371 2299 1483 2328 vitare
1512 2307 1554 2326 sc.
1591 2294 1640 2333 (n.

211 2350 252 2375 ut
274 2356 305 2375 v.
330 2356 373 2375 sc.
398 2348 496 2383 unus)
520 2345 613 2375 Non.
662 2353 704 2380 27
730 2344 821 2375 Fest.
845 2350 906 2383 174
932 2343 1335 2385 (Hypobolimaeus
1361 2341 1640 2373 Chaerestra-

212 2392 289 2428 tus)
327 2392 525 2421 muliebrem
550 2395 583 2421 et
600 2390 671 2420 cod.
721 2392 765 2420 28
781 2390 872 2419 Non.
895 2396 954 2429 147
983 2388 1378 2430 (Hypobolimaeus
1400 2384 1640 2422 Rastraria)

212 2446 262 2465 me
279 2434 312 2465 11.
350 2433 529 2466 ‘obsolevz't’
622 2444 667 2473 29
690 2435 781 2465 Non.
801 2441 864 2475 505
899 2432 1036 2465 ‘manet'
1124 2443 1169 2471 3ο
1192 2435 1283 2465 Non.
1305 2433 1345 2464 16
1415 2441 1453 2470 3¹
1483 2430 1566 2463 Gell.
1591 2437 1640 2469 15,

215 2489 265 2519 14,
292 2488 309 2520 5
347 2481 439 2511 Non.
462 2480 523 2511 106
555 2479 960 2523 (Hypobolimaeus
984 2479 1245 2519 Aeschinus)
1275 2480 1384 2510 nihilo
1407 2478 1440 2508 ll.
1476 2474 1641 2518 ‘engritur

211 2526 250 2554 de
274 2523 334 2556 me³
382 2535 425 2563 32
449 2527 540 2557 Non.
568 2533 631 2567 525
659 2525 822 2565 (Imbrii
854 2523 1008 2569 Ἴμβριοι
1025 2525 1215 2565 Menandri)
1252 2527 1364 2556 ebrius
1379 2523 1429 2554 ll.:
1448 2532 1500 2553 em
1516 2519 1640 2552 Buech.

212 2568 293 2611 33s4
318 2571 408 2601 Fest.
437 2571 497 2601 281
527 2572 706 2611 (Karine
742 2571 783 2602 cf.
804 2568 941 2616 Καρίνη
959 2571 1138 2601 Menandri
1161 2570 1213 2601 vel
1229 2569 1445 2611 Antiphanis)
1488 2575 1504 2597 2
1531 2564 1641 2598 ‘resol-

212 2612 283 2645 vat’
307 2613 523 2658 ‘rengrneret’
557 2619 726 2658 opposz'vit
749 2616 832 2647 Scal.
859 2621 946 2647 recte
970 2622 1007 2647 ut
1034 2616 1167 2647 videtur
