1747 2865
212 104 288 140 144
808 94 839 117 C.
865 94 1030 117 LVCILIVS

209 208 288 242 578
323 201 495 253 (12553)
535 213 654 250 porro
694 201 877 238 homines
918 212 1114 249 nequam,
1155 201 1282 238 malus
1322 207 1365 238 ut
1404 203 1636 250 quartan'us,

1439 259 1603 308 cippos'

535 315 727 363 collegere
759 325 900 351 omnes

451 370 463 421 )
787 370 914 419 prima
944 370 1099 419 Papin'a
1129 371 1432 408 Tusculidarum

207 434 287 469 580
321 426 464 478 (1260)
537 427 724 464 Priverno
757 426 977 464 Oufentina
1007 428 1115 465 venit
1145 428 1349 476 fluvioque
1379 427 1554 466 Oufente

452 483 464 534 )
534 484 698 533 podicis,
731 484 934 529 Hortensi,
961 491 1020 521 est
1039 486 1092 522 ad
1115 496 1204 522 eam
1225 497 1308 521 rem
1328 490 1423 522 nata
1443 485 1640 534 palaestra

454 540 466 591 )
537 553 858 590 purpureamque
912 553 1030 578 uvam
1079 541 1173 578 facit
1219 542 1353 578 albam
1401 542 1639 591 pampinum

1429 599 1578 636 habere

209 659 289 695 583
322 654 446 705 (1273
459 653 494 705 s)
979 655 1159 704 quamvis
1190 655 1319 692 bonus
1349 656 1434 704 ipse

534 712 701 757 Samnis,
732 712 771 748 in
803 712 897 748 ludo
928 724 975 749 ac
1005 712 1166 749 rudibus
1198 712 1318 749 cuivis
1348 712 1440 749 satis
1470 724 1586 762 asper

208 772 288 809 584
321 767 465 818 (1276)
535 781 656 818 quem
687 769 910 818 praeclarus
942 769 1093 818 helops,
1136 781 1256 818 quem
1288 770 1475 818 Aegypto
1505 781 1639 820 sargus

209 888 288 922 585
323 881 467 933 (1280)
538 878 648 932 ‘quid
666 882 846 919 Decius?
870 883 1071 919 Nuculam
1092 895 1144 919 an
1166 883 1370 920 confixum
1391 827 1596 920 νῗὲἳέῗῑξζ
1608 879 1639 920 ?'

209 1001 289 1036 586
323 995 495 1047 (12823)
538 997 677 1045 quidni
721 1003 759 1032 et
799 1004 928 1033 scruta
969 997 1132 1045 quidem
1172 1002 1215 1032 ut
1255 997 1404 1033 vendat
1433 946 1640 1034 scfflgssius

1435 1054 1446 1089 l

535 1111 796 1159 praefractam
848 1110 1041 1159 strigilim,
1095 1110 1245 1147 soleam
1290 1054 1640 1158 inprobJSUdgitmi-

1435 1168 1584 1204 diatam

213 1229 290 1263 587
326 1222 517 1274 (128433)
542 1224 628 1273 quis
675 1224 781 1261 hunc
826 1236 981 1261 currere
1027 1236 1141 1261 ecum
1186 1236 1260 1261 nos
1301 1230 1421 1273 atque
1463 1225 1641 1273 equitare

1394 1281 1584 1327 videmus,

537 1338 596 1374 his
628 1338 780 1386 equitat
810 1338 1018 1387 curritque.
1079 1338 1201 1375 oculis
1233 1337 1409 1386 equitare
1440 1338 1640 1376 videmus:

541 1406 633 1444 ergo
665 1395 786 1432 0011113
813 1395 963 1444 equitat

211 1456 290 1491 588
325 1450 468 1501 (1288)
539 1452 649 1500 quod
700 1457 872 1488 sumtum
922 1458 1043 1500 atque
1087 1452 1222 1500 epulas
1275 1452 1380 1488 victu
1429 1452 1642 1500 praeponis

1413 1509 1585 1546 honesto

211 1569 291 1604 589
325 1564 468 1615 (1201)
539 1561 648 1618 (qua)
672 1565 839 1602 Rhodus
862 1566 1122 1614 Carpathium
1153 1566 1193 1602 in
1223 1566 1385 1615 pelagus
1416 1577 1458 1602 se
1483 1566 1644 1603 inclinat

1404 1628 1586 1671 apertum

210 1748 277 1782 578
302 1745 392 1776 Fest.
413 1745 476 1786 258
522 1754 534 1776 1
562 1742 681 1777 ‘mulio
706 1749 972 1784 mercennarius,
998 1748 1090 1788 quod
1111 1751 1275 1788 quartam
1293 1750 1433 1787 partem
1458 1750 1644 1787 quaestuus

209 1788 371 1832 capz'ebat’
420 1799 437 1821 2
454 1793 611 1834 collzgrere
627 1791 699 1822 cod.
741 1791 808 1822 scil.
824 1797 941 1833 utpote
959 1792 1046 1822 fures
1064 1792 1098 1822 in
1117 1792 1169 1822 via
1186 1791 1319 1833 publica
1335 1801 1439 1833 prope
1451 1791 1567 1822 urbem
1580 1793 1644 1822 sita

210 1845 278 1874 579
305 1835 415 1868 schol.
433 1837 518 1867 Bob.
541 1837 609 1868 Cic.
627 1836 741 1868 Plane.
766 1848 797 1878 p.
819 1845 883 1878 254
919 1839 1064 1878 Papiria
1087 1837 1155 1868 scil.
1182 1839 1293 1869 trzbus
1341 1841 1397 1868 tus
1419 1838 1594 1868 olz'darum
1610 1837 1643 1867 ll.

210 1884 278 1919 580
302 1882 393 1912 Fest.
425 1891 486 1923 194
533 1884 696 1925 offentz'na
726 1893 830 1914 unum
862 1893 993 1924 apogr.:
1026 1885 1216 1927 oufendz'na
1244 1882 1324 1919 rell.‚
1348 1882 1415 1913 scil.
1443 1884 1553 1914 trzbus
1577 1883 1645 1913 suf-

211 1927 305 1968 fragii
334 1928 462 1958 ferendi
486 1938 593 1960 causa.
641 1934 787 1959 ceterum
812 1929 854 1959 cf.
880 1928 971 1960 Cich.
998 1928 1106 1968 33633
1154 1931 1265 1972 ofenle
1288 1927 1477 1969 apographa
1578 1930 1638 1965 58¹

210 1972 334 2014 Porph.
356 1974 441 2003 Hor.
459 1983 557 2004 carm.
581 1982 607 2011 1,
628 1981 680 2013 27,
703 1983 714 2004 1
760 1977 899 2015 pudicis
924 1974 955 2004 ll.
1004 1971 1122 2017 Jacta’
1221 1977 1286 2011 582
1312 1973 1451 2005 Cledon.
1471 1973 1534 2004 GL
1550 1974 1584 2004 V
1601 1982 1645 2014 40

206 2020 299 2060 facit
329 2018 396 2049 scil.
416 2023 607 2050 autumnus
707 2022 773 2056 583
799 2019 866 2051 Cic.
895 2020 936 2050 de
960 2025 1041 2050 orat.
1062 2028 1092 2060 3,
1111 2019 1153 2050 86
1201 2019 1412 2050 collocandos
1437 2028 1508 2049 esse
1531 2028 1645 2050 versus

210 2069 287 2104 post
311 2064 386 2094 libri
410 2065 462 2095 IV
490 2075 519 2094 v.
551 2064 610 2105 158
641 2070 674 2096 et
698 2066 797 2096 verba
822 2075 895 2096 esse
920 2066 1112 2096 Pacideiani
1136 2075 1229 2106 cogn.
1255 2065 1371 2095 Dousa
1406 2067 1526 2101 cuivis,
1550 2067 1644 2102 civzk,

210 2113 307 2140 cums
331 2110 404 2139 sim.
430 2110 526 2141 codd.
587 2113 654 2147 584
679 2111 769 2141 Fest.
788 2119 852 2151 322
894 2108 993 2151 ‘pisci
1008 2108 1129 2153 genu?
1169 2108 1232 2142 ‘cui
1249 2111 1385 2141 salivam
1402 2106 1562 2140 movebit’
1586 2111 1645 2141 Ma

212 2157 278 2191 585
305 2154 372 2185 Cic.
392 2156 434 2186 de
452 2161 534 2186 orat.
557 2164 586 2192 2,
606 2163 668 2196 253
709 2157 928 2197 praecedunt:
953 2159 1117 2198 amblgrua
1132 2161 1217 2187 sunt
1232 2159 1269 2187 in
1281 2158 1409 2197 primis
1425 2159 1527 2186 acuta
1543 2160 1646 2197 atque

213 2202 248 2230 2'72
273 2202 371 2231 verbo
390 2204 515 2241 posita,
542 2213 608 2232 non
634 2205 670 2232 in
690 2213 727 2232 re
746 2226 752 2232 .
773 2227 779 2232 .
799 2227 805 2232 .
825 2207 867 2232 ut
882 2204 974 2232 illud
989 2204 1166 2246 Africani,
1191 2204 1283 2244 quod
1296 2206 1345 2233 est
1361 2203 1458 2242 apud
1472 2202 1646 2232 Lucilium

211 2247 367 2285 spaedius
398 2247 507 2277 mutili
555 2249 707 2278 nuculan
731 2248 891 2289 conficere
916 2251 1033 2289 inquit
1054 2248 1163 2278 mutili
1286 2250 1354 2284 586
1378 2246 1462 2278 Gell.
1489 2254 1520 2286 3,
1549 2255 1600 2287 14,
1625 2245 1644 2276 8

211 2291 405 2330 ponendum
440 2292 496 2322 lib.
522 2292 561 2322 X
593 2299 670 2333 post
693 2303 723 2323 v.
742 2292 807 2332 388
874 2302 884 2323 1
913 2295 1039 2324 vendat
1061 2298 1093 2324 et
1115 2295 1310 2324 scrutarius
1336 2292 1367 2322 11.
1415 2290 1646 2337 γρυτοπώλης

215 2343 231 2365 2
252 2339 471 2379 praefactam
495 2348 525 2367 v.
552 2338 572 2369 1.
619 2340 787 2380 strzgv'lz'm
812 2338 909 2370 Char.
929 2339 990 2370 GL
1006 2339 1024 2369 Ι
1043 2338 1122 2369 126:
1147 2340 1316 2380 strzjgz'lem
1343 2338 1427 2369 Gell.
1453 2337 1485 2368 ll.
1579 2340 1645 2375 587

214 2380 298 2411 Gell.
329 2382 377 2417 18,
404 2391 433 2423 5,
460 2383 478 2413 8
506 2384 595 2413 Non.
624 2382 685 2413 106
711 2384 814 2414 Macr.
841 2390 902 2414 sat.
922 2383 952 2421 6,
971 2393 1001 2423 9,
1025 2393 1058 2414 11
1115 2393 1126 2414 1
1156 2387 1252 2425 qzazssv:
1277 2389 1394 2425 nempe
1418 2384 1520 2414 Macr.
1567 2384 1647 2414 hinc

215 2425 298 2456 Gell.
316 2428 464 2468 plerique
503 2440 628 2470 equum
653 2439 683 2458 v.
710 2429 729 2459 1.
771 2441 828 2459 nos
845 2434 948 2471 atque
962 2441 1021 2472 ego
1040 2430 1143 2460 Macr.
1161 2440 1264 2460 unus:
1292 2441 1359 2460 non
1375 2440 1484 2470 aquae
1502 2429 1592 2459 Non.
1612 2426 1644 2457 ll.

215 2473 347 2502 vz'debat
364 2474 453 2504 Non.
469 2474 500 2504 ll.
541 2482 557 2504 2
579 2484 633 2505 om
649 2475 715 2505 duo
730 2474 813 2505 Gell.
862 2478 929 2512 588
947 2475 1030 2506 Gell.
1045 2485 1076 2515 4,
1095 2474 1145 2511 16,
1160 2474 1180 2505 6
1205 2475 1295 2505 Non.
1311 2482 1372 2515 501
1402 2472 1643 2512 (l1br.I-V11)

213 2522 390 2556 sumptum
416 2520 506 2550 Non.
525 2519 576 2550 ll.:
601 2524 744 2561 sumptu
770 2519 854 2551 Gell.
872 2531 956 2551 unus
998 2523 1091 2551 dictu
1116 2521 1207 2551 Non.
1227 2520 1260 2551 ll.
1297 2525 1487 2561 praepones
1504 2519 1592 2549 Non.
1610 2516 1643 2547 11.

215 2561 366 2593 clzoncsto
392 2564 501 2595 Guelf.
527 2565 617 2595 Non.
727 2568 795 2602 589
818 2565 942 2606 Porph.
964 2566 1048 2597 Hor.
1067 2576 1164 2597 carm.
1187 2574 1213 2602 Ι,
1234 2572 1263 2604 7,
1286 2574 1297 2595 Ι
1343 2565 1427 2604 (libri
1452 2564 1555 2601 XIV,
1581 2561 1645 2593 col-

216 2605 372 2638 locandus
398 2609 528 2640 videtur
552 2616 629 2650 post
653 2621 682 2640 v.
702 2610 778 2650 466)
823 2610 837 2651 <
869 2610 883 2652 >
911 2611 987 2642 add.
1013 2612 1109 2641 Marx
1150 2612 1379 2651 Carpathium
1404 2611 1543 2640 Rhodus
1567 2608 1642 2638 edd.
