1747 2865
669 98 900 122 SATVRARVM
924 97 1013 121 mx
1483 104 1495 129 1
1507 103 1528 140 3
1535 102 1556 141 5

426 204 512 245 esse
551 208 605 244 ita
644 212 687 243 ut
726 202 844 243 dicis:
888 217 982 243 nam
1023 205 1119 242 mihi
1162 210 1274 242 erant
1309 205 1361 241 de
1392 199 1460 241 illo
1491 215 1559 240 ex-

1183 262 1338 311 plorata
1369 256 1505 298 omnia

124 327 207 363 446
239 321 354 374 (881)
424 317 466 358 in
501 333 567 358 me
597 320 668 357 illis
699 332 812 369 spem
843 331 929 357 esse
961 315 1135 363 omnem,
1178 319 1316 368 quovis
1347 313 1466 367 posse
1497 328 1562 353 me

1218 371 1378 424 emungi
1408 375 1503 412 bolo

125 441 206 476 447
241 435 337 487 (882
352 434 386 486 s)
429 468 453 472 -
473 455 502 472 υ
522 466 548 472 -
567 454 597 471 υ
616 465 642 471 -
661 453 690 470 υ
709 465 736 470 -
755 454 784 470 υ
803 465 829 470 -
849 454 877 470 υ
906 433 970 470 hic
1000 433 1068 470 ubi
1099 429 1164 470 me
1195 433 1313 477 videt,

426 487 713 535 subblanditur,
743 486 937 539 pe'llpatur,
969 485 1089 539 caput
1119 490 1255 535 scabit,
1285 485 1411 538 pedes
1442 488 1534 538 legit

126 554 208 590 448
242 549 339 600 (884
352 547 386 600 s)
428 582 452 585 -
472 569 502 586 υ
521 560 595 597 age
634 559 742 584 nunc
776 542 975 584 summam
1015 553 1167 584 sumtus
1207 542 1393 598 <sub)duc
1442 551 1563 594 atque

1259 599 1360 640 aeris
1391 602 1506 640 simul

427 659 534 700 z'1dde
563 662 681 699 alieni

126 724 208 760 449
243 718 358 770 (886)
428 715 507 756 hoc
538 724 597 756 est
632 719 760 755 ratio?
803 714 988 767 perversa
1028 729 1130 762 aera,
1171 712 1329 754 summa
1370 722 1429 753 est
1469 716 1562 753 sub-

1186 775 1306 811 ducta
1337 770 1508 822 inprobe

126 838 209 873 450
241 832 357 885 (887)
430 829 575 870 eodem
607 844 687 869 uno
719 832 782 869 hic
814 827 939 868 modo
970 832 1143 869 rationes
1175 827 1347 883 (omnes)
1369 825 1566 867 subducet

1418 899 1508 924 suas

128 952 210 987 451
243 945 389 998 (8883)
1087 941 1275 994 Hymnis,
1310 945 1428 981 velim

431 1000 471 1041 te
502 1004 543 1040 id
576 1003 687 1052 quod
719 1015 856 1039 verum
888 1008 947 1040 est
978 998 1141 1039 credere

130 1065 212 1101 452
245 1060 361 1112 (890)
432 1056 554 1110 perge
584 1060 741 1104 amabo,
782 1072 839 1104 ac,
880 1055 914 1096 si
945 1065 1050 1108 pote,
1091 1060 1179 1096 face
1220 1054 1383 1108 dignam
1424 1070 1490 1094 me
1524 1063 1566 1094 ut

1226 1111 1341 1152 vobis
1371 1121 1509 1164 putem

129 1179 212 1215 453
244 1173 411 1226 (89133)
1117 1173 1219 1209 facio
1252 1168 1372 1225 (ilico)

432 1228 484 1269 ἑά
515 1231 705 1268 lenonem
737 1226 865 1275 venio,
897 1231 1019 1267 tribus
1050 1230 1090 1266 in
1120 1226 1344 1266 libertatem
1376 1225 1534 1266 milibus

433 1284 591 1326 destino

130 1350 213 1385 454
265 1345 362 1395 894)
436 1345 624 1395 ΗῩΠιῐιί3,
657 1356 731 1393 ego
763 1339 942 1381 animum
972 1344 1003 1381 si
1033 1344 1192 1388 induco,
1225 1339 1336 1392 quod
1367 1349 1410 1380 tu
1435 1343 1486 1379 ab
1508 1343 1567 1379 in-

1224 1412 1323 1437 sano
1355 1395 1511 1437 auferas

132 1464 214 1499 455
247 1459 343 1510 (895
357 1458 391 1510 s)
433 1454 620 1508 Apollost
651 1470 814 1502 numen,
845 1454 915 1507 qui
944 1464 984 1494 te
1014 1458 1186 1507 antiquis
1216 1453 1301 1494 non
1332 1458 1434 1494 sinet

433 1512 582 1553 deliciis
613 1515 813 1552 maculam
844 1521 966 1564 atque
998 1510 1258 1564 ignominiam
1289 1509 1485 1563 inponere

133 1577 216 1612 456
249 1572 364 1624 (898)
435 1573 525 1618 huc,
557 1569 635 1610 :ilio
667 1585 757 1609 cum
788 1572 861 1609 iter
892 1567 1070 1616 haberet,
1100 1567 1344 1621 praeteriens
1375 1571 1483 1608 venit

132 1634 212 1669 457
247 1628 347 1681 (900
360 1629 394 1681 3)
434 1650 464 1667 υ
484 1662 509 1667 -
529 1650 557 1667 υ
578 1661 604 1667 ..
624 1651 652 1666 o
672 1625 726 1675 tu,
759 1629 825 1678 qui
855 1629 953 1666 iram
984 1624 1165 1678 indulges
1196 1629 1323 1673 nimis,

432 1682 576 1724 manus
607 1699 631 1724 a
662 1686 825 1724 muliere
857 1682 1055 1723 {abstinere
1085 1681 1225 1722 melius
1258 1691 1316 1722 est

134 1748 215 1783 458
248 1743 363 1795 (902)
434 1739 645 1781 favitorem
675 1744 745 1780 tibi
776 1755 852 1788 me,
883 1739 1070 1788 amicum,
1100 1738 1323 1779 amatorem
1354 1747 1468 1791 putes

133 1936 232 1966 infidi
262 1936 500 1978 dispensatoris
532 1936 665 1967 fraudes
698 1936 765 1966 iam
799 1935 856 1966 diu
888 1935 1045 1976 cognovit
1077 1935 1178 1974 (Ma);
1220 1934 1279 1965 sed
1311 1934 1352 1965 cf.
1387 1933 1479 1964 Cich.
1509 1939 1570 1972 172

131 1983 201 2018 446
223 1982 314 2012 Non.
345 1980 386 2021 36
423 1993 474 2012 me
518 1983 609 2013 illis:
642 1983 752 2012 mellis
776 1981 809 2011 ll.
851 1986 983 2022 possem
1007 1984 1153 2022 emungi
1179 1982 1254 2011 volo
1279 1979 1311 2010 ll.
1349 1980 1435 2010 senis
1461 1979 1494 2009 in
1519 1988 1572 2010 co—

133 2027 266 2058 moedia
288 2027 389 2058 verba
413 2027 548 2068 agnovit
571 2028 631 2057 Ma
742 2035 809 2063 447
834 2026 926 2057 Non.
947 2033 1011 2067 472
1047 2027 1076 2056 F
1079 2031 1139 2056 est.
1167 2033 1232 2056 210
1282 2034 1294 2055 1
1324 2037 1376 2056 me
1401 2027 1463 2056 ubi
1483 2026 1575 2055 vidit

133 2072 226 2103 Non.
245 2073 304 2103 Ma
340 2072 408 2103 scil.
430 2073 640 2113 dispensator
665 2073 750 2111 (cum
766 2072 836 2110 Ma)
862 2071 915 2102 vel
946 2081 1059 2102 servus
1091 2072 1125 2101 in
1149 2071 1324 2102 comoedia
1374 2079 1390 2100 2
1415 2081 1440 2101 s.
1454 2081 1491 2111 p.
1518 2079 1573 2100 om

133 2117 245 2149 Fest.:
270 2129 295 2149 s.
325 2117 444 2160 (fur)
471 2123 502 2159 p.
538 2118 597 2148 Ma
653 2118 744 2158 signa
777 2127 849 2148 esse
881 2117 996 2158 culpae
1030 2122 1063 2148 et
1094 2116 1202 2147 malae
1233 2116 1453 2147 conscientiae
1486 2120 1573 2146 recte.

133 2163 258 2194 iudicat
281 2164 341 2194 Ma
437 2166 505 2200 448
529 2164 619 2194 Non.
648 2162 709 2203 283
765 2171 776 2193 Ι
808 2161 977 2205 <sub>duc
1001 2160 1095 2193 Leo³
1117 2161 1182 2202 856
1236 2170 1247 2192 Ι
1265 2172 1279 2192 s
1305 2163 1414 2192 alieni
1432 2162 1542 2192 simul
1566 2158 1570 2203 1

135 2210 221 2239 adde
254 2209 316 2239 Ma
373 2209 637 2250 dispensatorem
675 2208 848 2239 dominum
884 2208 998 2239 iubere
1033 2213 1146 2239 censet
1180 2208 1250 2245 Ma,
1291 2217 1421 2238 servum
1459 2216 1573 2237 senem

135 2253 228 2285 Cich.
255 2255 343 2294 (173)
390 2263 459 2291 449
482 2254 573 2284 Non.
601 2260 643 2295 74
689 2258 755 2285 est:
778 2257 813 2284 et
835 2253 868 2284 11.
915 2262 984 2291 450
1002 2254 1092 2284 Non.
1112 2261 1177 2293 399
1209 2253 1294 2283 hz‘G
1333 2254 1522 2283 errationes
1539 2251 1573 2282 11.

134 2301 335 2330 subduceret
357 2299 402 2335 ll.‚
428 2299 497 2330 scil.
525 2301 736 2340 dispensator
761 2301 936 2340 improbus
960 2298 1013 2330 vel
1035 2310 1155 2330 servus
1191 2300 1379 2330 subducent
1395 2297 1450 2328 alii
1507 2306 1569 2334 451

134 2345 227 2375 Non.
246 2351 308 2385 275
363 2353 375 2374 1
403 2346 522 2376 hiemis
547 2343 592 2376 G²
642 2353 659 2375 2
684 2349 733 2376 est
757 2354 812 2375 om
828 2342 873 2374 L¹
996 2353 1063 2382 452
1087 2345 1178 2375 Non.
1197 2343 1262 2384 369
1297 2348 1389 2385 potes
1413 2343 1446 2373 ll.
1496 2343 1575 2374 dicit

135 2390 292 2421 meretrix
387 2399 456 2427 453
480 2391 571 2421 Non.
593 2389 656 2431 289
708 2399 720 2420 1
761 2388 862 2432 (cito)
890 2389 1035 2421 Mueller
1092 2398 1109 2430 3
1136 2392 1285 2420 destiner
1310 2389 1360 2420 11.:
1387 2388 1491 2419 veluti
1537 2391 1575 2419 in

137 2437 327 2467 libertatem
352 2437 486 2466 vindico
511 2435 579 2466 scil.
606 2438 818 2467 meretricem
844 2435 924 2475 (Ma)
1030 2444 1098 2472 454
1121 2435 1214 2466 Non.
1244 2442 1310 2475 330
1345 2436 1483 2476 hymnis
1508 2431 1575 2465 G²t

137 2482 311 2523 zgrhymm's
334 2481 379 2511 L:
413 2483 522 2523 gemis
553 2482 691 2523 hymnis
716 2479 761 2512 G²
809 2483 855 2511 sic
880 2481 912 2512 Π.
959 2486 1020 2512 tua
1044 2481 1073 2512 G
1115 2485 1179 2512 aut
1205 2482 1338 2523 inferas
1362 2481 1391 2510 L
1507 2488 1575 2517 455

137 2526 230 2557 Non.
251 2535 292 2567 24
344 2534 356 2556 1
384 2528 516 2568 apolost
543 2538 663 2557 nomen
688 2526 721 2557 11.
772 2534 788 2556 2
815 2527 929 2558 delicis
946 2526 978 2557 ll.
1019 2526 1130 2556 minae
1154 2531 1232 2557 sunt
1254 2526 1349 2567 pueri
1372 2530 1491 2566 poetae
1515 2525 1575 2555 ini—

137 2571 215 2604 mici
282 2574 352 2609 456
375 2572 467 2603 Non.
485 2571 550 2612 318
584 2573 676 2603 hunc
694 2571 727 2602 Π.
821 2580 890 2609 457
914 2573 1006 2603 Non.
1026 2578 1089 2612 325
1145 2580 1156 2601 1
1186 2568 1314 2614 ‘auges’
1364 2579 1381 2601 2
1407 2573 1576 2602 abstinere

137 2629 159 2648 a
186 2619 330 2649 muliere
353 2616 386 2648 ll.
479 2620 548 2654 458
571 2617 663 2648 Non.
686 2625 747 2648 110
778 2618 964 2659 fabitorem
982 2618 1011 2648 L
