1747 2865
169 102 223 139 90
712 92 866 115 TRAGICI
892 92 1045 115 INCERTI

413 216 533 252 quem
565 213 639 250 ego
669 196 734 237 me
765 200 957 249 profiteor
987 196 1086 248 esse,
1116 207 1218 238 mest
1246 197 1388 238 aecum
1419 201 1492 238 frui

144 272 159 297 5
415 255 594 297 fraternis
625 258 742 294 armis
773 253 952 306 mihique
981 254 1251 302 adiudicarier‚

410 316 470 353 vel
511 311 622 364 quod
653 314 901 363 propinquus
931 309 993 350 vel
1025 314 1135 362 quod
1166 314 1307 351 virtute
1337 310 1517 353 aemulus

170 380 221 416 13
253 374 321 425 (55
337 373 389 424 ss)
412 373 521 410 cuius
552 368 639 437 ipse
669 371 854 419 princeps
884 366 976 407 iuris
1007 367 1163 408 iurandi
1194 371 1274 416 fuit,

412 430 534 479 quod
555 424 695 465 omnes
726 427 840 472 scitis,
871 423 978 464 solus
1008 424 1183 477 neglexit
1212 428 1356 465 fidem:

408 488 537 523 furere
569 482 819 529 adsimulare,
850 497 901 521 116
928 485 1060 529 coiret,
1092 481 1238 522 institit

411 544 522 593 quod
552 538 594 579 ni
626 541 831 578 Palamedi
862 537 1070 590 perspicax
1099 537 1312 590 prudentia

136 613 149 638 5
411 596 522 637 istius
552 604 760 648 percepset
790 595 1028 635 malitiosam
1058 595 1280 643 audaciam,

410 653 491 694 fide
523 661 700 694 sacratae
730 650 789 692 ius
820 661 1014 704 perpetuo
1045 652 1196 692 falleret

198 719 221 754 4
254 713 318 765 (61
335 714 389 762 ss)
412 709 494 750 vidi
525 719 575 758 te,
606 713 752 757 Vlixes,
784 709 882 749 saxo
913 718 1156 749 sternentem
1189 707 1378 757 Hectora,

412 767 494 807 vidi
526 775 726 819 tegentem
758 765 888 818 clipeo
919 769 1084 806 classem
1116 765 1326 806 Doricam:

410 840 484 877 ego
516 823 610 864 tunc
640 827 875 875 pudendam
906 822 1082 875 trepidus
1113 823 1302 863 hortabar
1332 827 1464 876 fugam

171 891 220 925 15
253 884 339 936 (69)
409 880 542 922 ferron
573 896 625 921 an
657 884 738 920 fato
770 879 930 920 moerus
949 883 1150 934 'Argivom
1182 879 1354 920 o'ccidit?

196 948 220 981 6
253 942 319 992 (73
336 940 389 992 ss)
413 939 555 979 adsum
585 947 706 989 atque
737 941 910 977 advenio
932 940 1162 977 Acherunte
1192 936 1259 976 vix
1290 941 1353 977 via
1382 940 1462 977 alta
1481 947 1603 990 atque

1409 993 1545 1043 ardua,

409 1051 481 1105 per
511 1055 721 1104 speluncas
752 1050 857 1091 saxis
888 1059 1054 1091 structas
1087 1050 1235 1102 asperis
1266 1049 1536 1103 pendentibus

411 1109 619 1156 maxumi&
661 1111 727 1148 ubi
768 1107 893 1160 rigida
929 1117 1085 1147 constat
1115 1107 1246 1148 crassa
1277 1111 1401 1160 caligo
1433 1107 1603 1149 inferum

201 1175 219 1209 7
255 1169 324 1219 (76
338 1169 371 1220 s)
414 1165 523 1206 {inde
540 1169 698 1206 animae
721 1165 940 1205 excitantur
961 1168 1130 1205 obscura
1150 1163 1291 1205 {imbra
1307 1173 1481 1217 opertae,
1503 1165 1602 1206 ima-

1435 1226 1547 1275 gines

412 1279 671 1326 mortuorum,
703 1282 783 1319 alto
816 1278 918 1319 ostio
945 1277 1196 1327 Acheruntis,
1227 1282 1329 1319 salso
1360 1279 1552 1332 sanguine

200 1348 222 1381 8
256 1340 343 1391 (78)
414 1352 541 1389 usque
584 1352 745 1388 quaque
781 1351 921 1388 sapere
952 1345 1131 1388 oportet:
1164 1335 1205 1375 id
1238 1339 1309 1375 erit
1339 1340 1460 1376 telum
1491 1352 1602 1377 acer-

1403 1409 1545 1433 nmum

198 1460 221 1494 9
254 1454 324 1504 (80
335 1455 389 1503 ss)
412 1454 491 1503 qua
513 1449 751 1503 tempestate
771 1452 876 1490 Paris
894 1453 1093 1489 Helenam
1114 1448 1289 1501 innuptis
1305 1452 1430 1490 iunxit
1445 1449 1604 1502 nuptiis,

413 1508 486 1561 ego
529 1517 613 1547 tum
652 1510 812 1559 gravida
853 1505 1017 1558 expletis
1058 1510 1136 1546 iam
1173 1511 1254 1547 fere
1287 1506 1338 1546 ad
1368 1510 1603 1559 pariendum

1332 1563 1546 1612 mensibus,

413 1621 484 1673 per
524 1625 632 1661 idem
674 1630 830 1673 tempus
875 1620 1119 1672 Polydorum
1153 1623 1333 1660 *Hecuba
1367 1621 1484 1672 partu
1530 1636 1603 1673 po-

1263 1677 1411 1717 stremo
1447 1682 1548 1730 parit

170 1744 222 1778 ‘20
257 1738 343 1789 (83)
414 1745 452 1775 et
484 1751 557 1788 ego
589 1735 656 1774 ibo
689 1744 731 1774 ut
762 1739 931 1774 latebras
962 1733 1130 1786 ruspans
1161 1738 1279 1774 rimer
1310 1734 1524 1775 maritimas

173 1801 221 1835 21
256 1800 263 1841 (
274 1796 324 1833 88
339 1795 372 1845 5)
416 1828 440 1832 -
462 1797 562 1832 inter
585 1808 627 1832 se
650 1791 824 1844 strepere
847 1801 1065 1843 aperteque
1087 1791 1212 1831 artem
1234 1795 1414 1832 obterere
1441 1792 1603 1844 extispi-

1435 1865 1545 1888 cum:

412 1906 565 1946 solvere
597 1905 767 1957 imperat
798 1909 976 1945 secundo
1008 1904 1166 1945 rumore
1197 1905 1446 1978 adversaque
1476 1909 1539 1945 avi

169 2010 188 2040 4
207 2011 312 2041 quam
329 2005 362 2030 et
379 2011 465 2040 quae
481 2009 510 2029 v.
525 1978 545 2028 l.
584 2010 634 2029 me
650 2008 705 2028 om
724 1978 800 2050 pars
818 1998 931 2028 codda
971 2009 1042 2028 mea
1059 2008 1143 2027 unus
1181 2002 1284 2028 mest·
1303 2009 1377 2028 mea
1393 2003 1440 2029 est
1456 1998 1605 2039 plerique

172 2053 187 2085 5
215 2048 323 2076 armis
356 2055 411 2075 om
445 2044 555 2075 mutili
619 2043 638 2073 6
663 2046 746 2085 quja
779 2043 846 2074 duo
879 2044 940 2080 bis
973 2045 1081 2084 priore
1114 2043 1187 2073 loco
1218 2053 1303 2073 unus
1358 2046 1503 2074 virtutis
1528 2055 1557 2074 v.
1584 2044 1604 2074 l.

171 2092 326 2122 rmnulus
350 2101 381 2120 v.
407 2090 426 2120 l.
483 2091 618 2120 emulus
649 2100 727 2120 sum
752 2100 781 2118 v.
808 2089 827 2119 l.
972 2098 1012 2126 13
1038 2088 1106 2119 Cic.
1133 2089 1192 2118 off.
1221 2096 1251 2128 3,
1278 2088 1319 2128 98
1367 2089 1482 2119 Aiacis
1507 2090 1606 2120 verba

175 2145 185 2165 1
203 2139 301 2167 cuiv-
318 2136 338 2166 l.
382 2144 399 2175 3
415 2137 633 2167 asssmulavz‘t
647 2145 676 2165 V.
692 2134 711 2164 l.
750 2144 770 2174 4
786 2136 980 2165 Palamedl's
993 2145 1023 2164 V.
1039 2134 1059 2164 l.
1099 2142 1114 2174 5
1132 2138 1296 2165 astutiam
1310 2144 1341 2165 V.
1355 2133 1376 2164 l.
1414 2135 1434 2164 6
1447 2137 1528 2165 eide
1540 2146 1569 2165 v.
1585 2135 1604 2165 l.

169 2186 304 2213 sacrata
331 2183 439 2222 (mm)
465 2181 615 2222 plerique
712 2189 753 2216 ¹4
778 2179 875 2211 Char.
895 2180 955 2210 GL
972 2181 987 2210 Ι
1008 2180 1071 2219 284
1114 2180 1224 2210 derisu
1249 2179 1395 2219 quodam
1421 2180 1509 2210 dicta
1529 2186 1606 2211 sunt

170 2228 210 2257 ab
236 2228 341 2258 Aiace
396 2235 414 2267 3
442 2229 596 2268 trepidus
624 2227 726 2267 pedib
758 2225 830 2255 cod.
952 2235 992 2262 ¹5
1018 2226 1132 2266 Quint.
1158 2227 1233 2255 inst.
1257 2224 1288 2259 8,
1315 2224 1345 2264 6,
1374 2233 1412 2255 10
1445 2235 1485 2256 ex
1510 2226 1606 2257 Accii

170 2272 380 2303 Philocteta?
413 2273 454 2303 cf.
481 2272 699 2313 Neoptolemi
725 2271 767 2301 de
792 2270 924 2301 Achille
949 2271 1075 2301 dictum
1100 2269 1203 2311 Soph.
1222 2270 1309 2300 Phil.
1329 2279 1393 2311 334
1436 2273 1536 2312 ferro
1560 2283 1605 2302 an

170 2318 221 2347 vel
243 2321 343 2357 ferro
371 2329 437 2349 non
464 2318 545 2348 trad.
621 2319 662 2346 16
687 2316 754 2347 Cic.
773 2317 871 2347 Tusc.
897 2326 922 2353 1,
943 2324 982 2356 37
1035 2325 1052 2356 3
1075 2331 1116 2341 z
1134 2317 1226 2346 Non.
1247 2323 1308 2354 272
1385 2326 1424 2353 17
1450 2316 1517 2347 Cic.
1538 2317 1557 2347 l.
1577 2327 1602 2347 c.

171 2364 211 2393 cf.
239 2361 333 2394 Leo²
365 2372 401 2393 21
476 2372 488 2393 Ι
505 2373 520 2393 5
553 2365 719 2404 imagzbzes
745 2367 963 2393 mortuorum
989 2368 1064 2403 post
1087 2364 1259 2403 sangusne
1284 2360 1442 2392 exhibent
1466 2361 1518 2393 ll.:
1552 2372 1603 2392 em

171 2407 264 2438 Le0²
314 2417 330 2439 2
357 2411 426 2440 alto
450 2412 533 2439 ostio
558 2409 646 2438 Leo:
673 2410 754 2438 ostso
779 2409 848 2438 alto
875 2408 936 2447 (-e)
963 2407 996 2439 ll.
1101 2410 1142 2438 18
1167 2406 1234 2438 Cic.
1254 2407 1348 2448 epist.
1371 2414 1400 2446 7,
1423 2406 1462 2437 16
1564 2416 1605 2444 ¹9

172 2453 239 2484 Cic.
255 2454 296 2484 de
310 2460 391 2484 orat.
408 2462 437 2493 3,
455 2462 518 2494 219
555 2454 596 2484 cf.
611 2463 656 2484 or.
677 2452 738 2493 164
775 2453 948 2487 (Pacuvi
968 2453 1146 2491 1liona?)
1190 2461 1200 2482 Ι
1222 2464 1291 2493 qua
1306 2455 1341 2483 2'72
1356 2452 1409 2483 vel
1421 2464 1525 2493 quam
1538 2463 1568 2482 v.
1582 2452 1603 2482 l.

171 2500 337 2530 Helenam
351 2501 388 2530 P.
408 2500 483 2530 edd.
501 2500 587 2530 bene
621 2501 759 2540 nuptias
775 2498 925 2539 plerique
967 2507 983 2528 2
999 2500 1103 2541 sere:
1117 2500 1189 2540 sm⁴
1205 2497 1314 2528 Bothe
1362 2507 1406 2529 20
1429 2497 1519 2528 Fest.
1540 2497 1601 2538 265

173 2544 308 2581 (Pacuvi
333 2545 439 2575 Iliona
450 2545 474 2584 ?)
523 2542 649 2576 ‘crebro
674 2541 851 2585 quaerens’
901 2547 1067 2574 rfmeram
1092 2546 1240 2584 optimas
1266 2543 1339 2574 cod.
1466 2551 1504 2573 21
1534 2542 1602 2574 Cic.

172 2589 238 2619 div.
262 2598 288 2625 1,
309 2597 349 2630 29
391 2590 565 2628 (Pacuvi
592 2590 791 2627 TeucerP)
838 2598 850 2619 1
879 2590 986 2630 possis
1015 2587 1112 2630 (ille)
1143 2592 1234 2619 inter
1266 2587 1318 2618 vel
1341 2585 1447 2629 se<se>
1492 2595 1508 2617 2
1535 2588 1602 2619 scil.

172 2636 381 2676 Agamemno
