1747 2865
196 102 209 127 1
221 101 273 128 20
794 95 826 118 C.
851 95 1016 118 LVCILIVS

191 206 271 240 229
306 202 403 251 (499
416 201 449 251 s)
491 208 647 250 praeter
677 214 798 251 quam
819 202 859 238 in
880 202 1028 251 pretio:
1059 203 1208 250 primus
1229 203 1402 247 semisse,
1423 205 1621 242 secundus

490 271 666 303 nummo,
698 260 832 294 tertius
862 259 942 295 iam
974 259 1093 307 pluris
1125 271 1245 307 quam
1271 265 1375 296 totus
1396 261 1620 298 medimnus

192 320 273 355 230
307 321 318 365 (
325 327 399 363 501
420 315 452 365 s)
496 327 600 364 quae
629 315 772 364 gallam
803 316 940 352 bibere
971 327 1017 352 ac
1048 328 1162 364 rugas
1193 317 1418 353 conducere
1448 318 1592 354 ventris

490 373 591 409 farre
622 384 798 416 aceroso,
830 373 935 418 oleis,
968 373 1194 409 decumano
1225 385 1330 421 pane
1362 374 1489 422 coegit

190 433 269 469 231
305 433 401 479 (504
416 428 449 479 s)
492 442 582 465 curn
614 434 745 466 tecum
778 435 846 474 est,
880 430 1034 478 quidvis
1066 430 1159 466 satis
1190 436 1268 466 est:
1301 430 1417 466 visuri
1447 431 1564 467 alieni

491 487 568 522 sint
598 486 791 526 homines.
823 487 969 535 spiram
1000 487 1123 535 pallas
1154 487 1383 523 redimicula
1413 494 1570 535 promet

191 547 270 582 232
306 542 403 591 (506
417 542 470 592 ss)
494 543 600 580 hunc
631 543 724 579 milli
755 556 917 592 passum
950 543 1017 592 qui
1048 544 1181 580 vicerit
1210 550 1332 592 atque
1363 544 1521 581 duobus

491 599 721 649 Campanus
752 601 910 649 sonipes
942 612 1158 644 succussor,
1189 601 1318 637 nullus
1349 607 1537 649 sequetur

491 657 641 694 maiore
672 657 711 693 in
743 658 871 706 spatio
903 669 950 694 ac
981 658 1157 694 diversus
1189 657 1387 694 videbitur
1416 658 1471 694 ire

189 717 270 753 233
304 713 419 764 (509)
490 714 630 751 subicit
674 714 764 751 huic
808 715 998 751 humilem
1049 720 1088 751 et
1127 716 1265 751 suffert
1304 715 1403 751 citus
1454 717 1621 764 posteri—

1453 784 1564 809 orem

189 831 271 867 234
304 827 420 877 (510)
490 828 800 865 tintinnabulum
832 829 946 865 abest
976 828 1069 864 hinc
1099 829 1365 877 surpiculique
1395 829 1621 866 holerorum

189 888 270 924 235
304 884 419 935 (511)
489 886 650 922 trulleus
700 898 772 934 pro
823 886 994 922 stomide
1038 885 1130 922 huic
1175 886 1312 934 ingens
1362 886 1413 922 de
1462 887 1622 923 naribus

1414 944 1565 991 pendet

189 1003 270 1039 236
304 1000 398 1048 (512
415 998 448 1048 s)
493 999 650 1036 vilicum
696 1000 977 1044 Aristocraten,
1023 999 1336 1045 mediastrinum,
1382 1006 1503 1048 atque
1548 1001 1620 1037 bu-

1405 1058 1563 1094 bulcum

490 1114 836 1150 conmanducatus
867 1114 1062 1162 conrupit,
1093 1114 1145 1150 ad
1176 1114 1295 1150 incita
1325 1114 1458 1163 adegit

189 1173 267 1209 237
303 1169 418 1220 (514)
489 1177 528 1207 te
559 1171 730 1219 primum
761 1183 851 1207 cum
883 1171 961 1207 istis
992 1171 1176 1207 insanum
1207 1171 1413 1208 hominem
1445 1177 1483 1208 et
1513 1183 1620 1208 cere-

1402 1229 1563 1265 brosum

188 1287 268 1323 238
303 1283 398 1333 (515
413 1283 446 1334 s)
488 1285 671 1334 paenula,
702 1285 733 1322 si
766 1285 931 1333 quaeris,
973 1285 1197 1322 cantherius
1229 1297 1363 1322 servus
1394 1291 1565 1334 segestre

490 1342 620 1378 utilior
650 1342 745 1378 mihi
777 1353 898 1391 quam
929 1342 1087 1391 sapiens

187 1402 268 1437 239
302 1397 399 1445 (519
413 1397 446 1447 s)
489 1399 632 1448 legavit
663 1399 826 1448 quidam
858 1399 970 1435 uxori
1001 1399 1198 1435 mundum
1229 1411 1349 1436 omne
1381 1411 1620 1448 penumque.

488 1456 583 1505 quid
615 1452 839 1493 ‘mundum’
872 1452 1006 1506 (atque
1037 1451 1240 1507 ‘penus².³)
1274 1457 1368 1505 quid
1391 1457 1502 1493 non?
1534 1457 1627 1505 quis'

1251 1514 1402 1550 dividet
1432 1513 1563 1550 istuc?

185 1718 252 1746 229
276 1709 366 1738 Non.
388 1717 448 1748 213
505 1717 516 1738 1
551 1712 587 1739 2'71
607 1712 722 1749 pretio
747 1708 816 1739 scil.
838 1710 1019 1749 frumenti
1047 1710 1149 1738 modi!
1174 1719 1250 1738 cum
1276 1719 1412 1738 annona
1435 1719 1517 1738 cara
1541 1716 1620 1739 esse!

185 1757 276 1784 inter
306 1766 340 1785 se
372 1756 504 1785 diversi
533 1766 600 1784 mm
632 1759 735 1784 erant
778 1757 949 1785 semsm'sse
981 1753 1031 1784 vel
1056 1756 1194 1784 seminis
1220 1753 1301 1783 trad.
1353 1761 1369 1782 2
1390 1755 1513 1794 plures
1540 1754 1620 1784 trad.

184 1809 252 1836 23ο
275 1800 366 1830 Non.
385 1807 448 1840 445
503 1808 515 1830 1
545 1815 587 1826 Ξ
612 1800 706 1830 Paul.
732 1800 823 1830 Fest.
850 1799 892 1838 96
945 1808 955 1829 1
986 1802 1101 1830 vivere
1134 1800 1224 1829 Non.
1251 1798 1283 1828 ll.
1317 1802 1436 1829 ventri
1456 1799 1563 1829 Paull.
1589 1799 1620 1829 ll.

186 1854 202 1875 2
230 1848 297 1876 olei
319 1846 400 1876 trad.
438 1847 469 1876 d.
490 1852 583 1886 pane
607 1857 751 1876 cumano
778 1845 858 1876 trad.
939 1854 998 1882 231
1030 1846 1120 1875 Non.
1142 1844 1206 1885 538
1259 1852 1270 1873 Ι
1299 1844 1469 1884 intellege:
1496 1846 1622 1875 mulier

182 1903 259 1922 cnm
285 1895 411 1922 marito
463 1900 479 1921 2
502 1889 669 1922 ‘honestae
694 1893 850 1922 mulseris
874 1894 1124 1928 vestimentum,
1149 1892 1208 1921 hoc
1231 1895 1277 1920 est
1304 1892 1439 1920 tunicae
1459 1888 1620 1931 pallz'zcm’

181 1940 313 1978 promst
338 1937 388 1968 ll.:
416 1947 468 1967 em
495 1938 565 1967 Leo
577 1936 589 1952 2'·
615 1936 675 1977 851
774 1946 840 1973 232
865 1937 948 1967 Gell.
972 1945 999 1973 1,
1022 1935 1071 1973 16,
1094 1944 1132 1966 10
1164 1936 1268 1966 Macr.
1286 1941 1346 1966 sat.
1369 1944 1395 1972 1,
1415 1943 1445 1976 5,
1465 1942 1481 1974 7
1542 1944 1558 1965 2
1577 1950 1618 1961 Ξ

183 1983 274 2012 Non.
307 1982 344 2013 16
398 1991 409 2012 1
448 1994 539 2013 nunc
572 1982 655 2013 Gell.
682 1994 711 2012 v.
739 1983 758 2012 l.
801 1984 895 2013 mslls
915 1993 1000 2013 unus
1027 1983 1147 2013 Macr.:
1182 1983 1276 2012 mille
1300 1981 1402 2011 Macr.
1427 1981 1510 2012 alter
1535 1981 1619 2012 Gell.

183 2029 279 2058 codd.
332 2037 347 2058 2
373 2031 559 2059 subcursor
591 2029 694 2058 Macr.
721 2028 772 2059 ll.:
803 2031 993 2059 szzccusfz'or
1019 2027 1102 2059 Gell.
1129 2027 1161 2057 ll.
1194 2028 1301 2067 agitur
1325 2027 1366 2057 de
1391 2028 1467 2067 equi
1493 2027 1620 2057 viatorii

183 2075 385 2114 praestantia
410 2074 444 2104 in
469 2074 568 2114 longo
592 2075 709 2104 itinere
734 2074 944 2105 conficiendo
970 2074 1049 2111 (Ma)
1121 2082 1188 2110 233
1213 2072 1297 2103 Gell.
1317 2082 1347 2112 4,
1370 2079 1418 2110 17,
1438 2081 1454 2112 3
1500 2074 1621 2103 szcbicil

183 2119 251 2149 scil.
277 2132 383 2161 equus
406 2132 439 2150 se
464 2122 599 2150 dommo
647 2121 843 2162 mffercstus
861 2120 910 2150 ll.:
938 2129 991 2149 em
1016 2119 1079 2149 Lio
1173 2127 1240 2155 234
1263 2118 1354 2148 Non.
1372 2126 1439 2157 490
1554 2127 1620 2154 235

183 2166 273 2195 Non.
312 2174 350 2195 22
389 2167 523 2196 truleus
553 2168 742 2206 postomfde
775 2165 856 2196 trad.
900 2166 941 2196 cf.
972 2163 1090 2208 στομίς
1115 2161 1168 2195 ede
1205 2174 1291 2205 equo
1323 2164 1429 2204 agitur
1460 2164 1620 2199 mordaci,

183 2211 275 2241 cuius
301 2221 337 2241 os
361 2211 393 2241 in
419 2211 587 2241 vasculum
614 2212 714 2251 capiti
739 2211 907 2251 alligatum
934 2212 1094 2241 insertum
1120 2207 1181 2240 est³
1207 2210 1265 2240 Ma
1312 2212 1379 2246 236
1403 2210 1494 2240 Non.
1521 2207 1531 2225 ¹
1547 2217 1618 2248 123.

184 2254 271 2296 ²479
324 2266 336 2287 1
358 2272 400 2282 Ξ
421 2255 506 2297 ³143
540 2257 647 2297 agitur
672 2257 713 2287 de
739 2267 826 2298 equo
850 2257 996 2287 mordaci
1021 2256 1190 2286 domando
1226 2264 1238 2285 1
1267 2258 1504 2286 arz'stocmtem
1525 2255 1619 2284 Non.

183 2300 222 2331 ‘³5³
247 2302 298 2333 ll.:
325 2306 594 2344 magistograten
621 2305 819 2342 (-cra7zfem)
845 2301 953 2333 Non.¹
979 2302 1011 2332 ll.
1060 2305 1303 2332 mez'astrmmn
1327 2298 1436 2331 Νοῃ.2
1469 2300 1517 2331 ll.:
1544 2297 1619 2330 ‘ml'—

183 2350 335 2378 nistrum
358 2353 392 2379 et
413 2353 609 2379 curatorem
633 2345 781 2379 aedium’
822 2345 1070 2378 ‘balneatorem’
1095 2348 1155 2378 Ma
1204 2355 1220 2376 2
1256 2351 1297 2377 ut
1318 2349 1481 2387 conrupit
1512 2342 1619 2376 Nous-³

183 2401 248 2429 237
274 2394 365 2424 Non.
394 2402 433 2423 22
470 2393 537 2424 scil.
563 2396 602 2424 di
616 2396 770 2435 perdant
793 2405 905 2424 omnes
922 2394 991 2430 Ma,
1016 2393 1149 2424 vilicum
1176 2391 1370 2432 intellegens
1395 2402 1469 2422 cum
1496 2390 1618 2421 media—

182 2439 286 2468 strino
312 2446 412 2480 atque
437 2439 582 2470 bubulco
691 2442 757 2476 238
782 2440 872 2469 Non.
893 2446 955 2480 537
1010 2447 1021 2469 1
1045 2440 1234 2480 paenulam
1261 2438 1343 2468 trad.
1395 2445 1412 2466 2
1438 2438 1526 2466 mihi
1547 2434 1615 2466 scil.

183 2484 317 2515 homini
331 2491 438 2525 parco
578 2494 646 2523 239
671 2485 754 2516 Gell.
781 2495 812 2525 4,
834 2493 861 2521 Ι,
880 2493 898 2524 3
924 2485 1015 2515 Non.
1036 2492 1100 2525 214
1134 2484 1259 2522 (liber
1281 2483 1389 2514 XVI
1426 2482 1466 2512 cf.
1492 2479 1615 2520 Porph.

184 2528 268 2559 Hor.
294 2540 391 2560 carm.
422 2539 449 2567 Ι,
469 2539 521 2567 22,
548 2539 587 2560 10
636 2532 720 2562 liber
744 2532 875 2562 Lucz'lz'z'
896 2532 992 2562 XVI
1013 2531 1198 2571 Collyra
1230 2531 1432 2560 inscribitur
1459 2538 1494 2557 eo
1527 2527 1618 2567 quod

181 2575 222 2603 de
249 2576 389 2616 Collyra
413 2578 522 2607 amica
546 2579 698 2617 scrzptus
722 2579 768 2607 sit
814 2582 847 2607 et
871 2576 1042 2607 Censmin.
1077 2576 1119 2606 de
1143 2576 1197 2606 die
1220 2574 1318 2606 natal.
1344 2582 1376 2613 3,
1401 2574 1433 2612 3)
1485 2580 1496 2601 1
1527 2572 1617 2613 legat

183 2623 289 2650 uxori
309 2620 399 2651 Non.
426 2621 458 2651 ll.
500 2626 602 2663 atque
619 2627 818 2663 penumque
843 2621 928 2653 Gell.
953 2621 986 2652 ll.
1008 2646 1011 2648 .
1038 2630 1055 2651 2
1080 2623 1174 2662 quod
1196 2620 1279 2652 Gell.
1305 2630 1390 2650 unus
