1747 2865
782 105 809 126 M
814 120 820 127 .
846 104 1026 126 PACVVIVS

192 114 245 151 54

193 217 245 252 64
277 212 375 262 (206
390 211 422 260 s)
465 213 505 248 di
536 224 599 248 me
631 211 701 247 etsi
732 212 916 260 perdunt,
948 212 1083 248 taimen
1115 223 1202 248 esse
1222 211 1400 248 adiutam
1422 211 1623 260 expetunt,

463 279 587 317 quom
609 267 716 316 prius
738 280 860 316 quam
877 268 1028 305 intereo
1046 268 1218 316 spetium
1235 267 1452 305 ulciscendi
1469 269 1624 305 danunt

193 332 244 365 65
278 327 392 373 (213)
463 324 649 369 όςοίᾱί3ῒί,
685 330 727 360 ut
757 324 881 361 multa
910 325 1047 373 paucis
1078 324 1199 361 verba
1229 336 1357 362 unose
1387 324 1623 362 obnuntiem

193 387 245 422 66
277 390 391 430 (214)
461 382 528 419 ibo
571 382 622 417 {id
664 393 751 418 eam
793 387 837 418 ut
877 381 1043 418 sciscam
1083 381 1183 430 quid
1223 381 1354 418 velint.
1396 403 1450 407 —
1484 381 1623 418 valvae

1421 444 1568 475 sonunt

193 501 243 535 67
278 495 393 544 (215)
463 495 700 544 repugnanti
732 506 806 543 ego
837 506 957 543 porro
989 495 1096 531 hunc
1126 496 1163 531 vi
1193 496 1347 532 detraxi
1378 495 1567 544 ungulum

193 558 244 591 68
277 552 374 602 (219
388 551 422 601 3)
464 584 487 587 -
509 572 538 589 υ
557 584 583 588 -
603 571 632 588 υ
662 551 712 596 te,
743 552 819 596 Sol,
850 553 1005 597 invoco,
1046 552 1089 588 ὑῒ
1129 552 1225 588 mihi
1264 551 1505 601 potestatem
1536 551 1624 588 duis

462 607 689 658 inquirendi
720 607 800 646 mei
831 609 1005 657 parentis

192 671 244 705 69
277 665 392 714 (222)
464 662 581 714 ‘quae
612 664 672 702 res
704 671 743 701 te
773 666 824 702 ab
856 665 1018 702 stabulis
1049 666 1208 715 &biugat
1220 662 1251 702 Ρ)
1283 688 1337 691 -
1371 662 1533 702 ‘certum
1567 664 1624 701 est

1444 718 1566 770 loqui'

195 784 244 818 '20
278 779 392 827 (223)
463 779 633 816 clamo're
665 785 703 816 et
734 779 866 816 sonitu
897 779 1014 816 celles
1044 779 1277 816 resonantes
1307 780 1435 815 bount

196 841 244 874 71
278 835 391 884 (224)
463 836 608 873 divdrsi
639 835 990 885 circumspicimus,
1022 836 1162 872 horror
1190 835 1358 885 percipit

196 897 245 931 72
279 893 396 942 (228)
465 893 660 930 custodite
705 893 833 930 istunc
878 905 959 937 vos,
1006 905 1057 929 ne
1102 893 1179 928 vim
1225 893 1291 942 qui
1339 893 1479 929 attolat
1522 904 1625 929 neve

1432 949 1569 998 ettigat

196 1010 283 1046 73
279 1008 392 1054 232)
461 1006 646 1043 caelitum
667 1006 834 1051 camilla,
856 1012 1065 1055 expectata
1088 1007 1274 1044 advenis:
1307 1007 1425 1051 salve,
1446 1006 1623 1054 h6spita!

196 1067 244 1102 74
277 1071 316 1111 (2
323 1074 345 1111 3
353 1065 393 1113 5)
462 1063 631 1112 repudio
661 1064 901 1112 auspicium.
934 1062 1243 1112 regrediundum
1275 1069 1333 1100 est
1363 1063 1453 1100 ilico

196 1126 245 1159 75
277 1122 287 1168 ζ
296 1131 315 1157 2
324 1119 393 1169 36)
462 1132 627 1169 possum
668 1120 741 1170 ego
783 1121 898 1157 istam
939 1120 1069 1169 capite
1108 1121 1263 1157 cladem
1299 1131 1624 1157 averruncassere

196 1182 245 1216 76
278 1177 392 1227 (238)
462 1183 584 1226 atque
615 1177 753 1214 eccum
784 1178 822 1213 in
854 1178 941 1226 ipso
972 1177 1153 1226 tempore
1184 1177 1386 1215 ostentum
1417 1177 1574 1213 senem!

196 1239 242 1273 77
278 1234 394 1283 (230)
464 1234 554 1284 quis
597 1240 639 1271 tu
682 1247 733 1279 es,
776 1235 923 1280 mulier,
966 1234 1069 1283 quae
1105 1247 1169 1271 me
1199 1235 1356 1271 insueto
1386 1234 1625 1282 nuncupasti

1375 1291 1565 1327 mimine?

191 1353 244 1387 ,78
277 1348 392 1397 (240)
462 1348 601 1393 sentio,
633 1348 755 1397 pater,
785 1354 825 1385 te
855 1348 963 1386 vocis
995 1348 1094 1385 calvi
1125 1348 1381 1385 similitudine

196 1409 244 1444 79
278 1414 315 1455 (2
323 1417 375 1452 44
388 1404 441 1454 33)
464 1405 566 1442 cedo
602 1412 713 1442 tuum
745 1405 891 1454 pedem
924 1401 1018 1457 (mi),
1060 1405 1230 1454 lymphis
1261 1405 1373 1442 flavis
1404 1405 1554 1441 fulvum
1584 1410 1626 1440 ut

1361 1461 1567 1510 pulverem

464 1519 647 1556 menibus
678 1519 816 1563 isdem,
849 1519 994 1568 quibus
1025 1519 1130 1555 Vlixi
1161 1518 1282 1568 saepe
1313 1518 1510 1568 permulsi,
1553 1518 1623 1554 zib-

1461 1575 1567 1612 luam

464 1633 818 1682 lussitudinemque
849 1634 1026 1670 minuam
1057 1634 1250 1669 me'tnuum
1281 1632 1530 1670 mollitudine

193 1694 244 1729 80
279 1690 393 1739 (248)
464 1690 611 1739 ρέιῑίῖεῑ
656 1696 695 1727 te
737 1702 824 1727 6336
866 1702 958 1739 erga
997 1689 1108 1726 illum
1140 1690 1270 1735 video,
1311 1689 1494 1726 utillum
1526 1685 1624 1740 te<d>

1364 1746 1455 1795 erga
1485 1746 1566 1783 scio

193 1809 243 1843 81
277 1802 376 1853 (250
388 1806 422 1852 3)
464 1817 538 1841 nec
569 1804 647 1841 ulla
678 1805 842 1841 subscus
874 1804 1034 1841 cdhibet
1064 1816 1301 1853 compagem
1334 1803 1444 1848 silvei,

465 1862 536 1898 sed
566 1861 656 1898 suta
686 1862 766 1898 lino
798 1867 836 1898 et
866 1861 1031 1910 sperteis
1062 1861 1242 1898 serilibus

192 1921 244 1956 82
276 1916 392 1967 (255)
462 1930 532 1955 vos
563 1918 659 1955 hinc
689 1919 898 1955 defensum
930 1919 1112 2000 pithiam
1128 1919 1169 1954 in
1200 1930 1374 1967 pugnam
1408 1913 1520 1953 bitite

189 1997 234 2066 64
258 2030 349 2061 Non.
369 2029 444 2069 ¹.97
464 2028 552 2070 ²104
598 2039 609 2060 1
632 2035 761 2072 petunt
784 2029 898 2061 Non.l
928 2036 1057 2072 praeter
1078 2031 1197 2061 Vrbin.
1240 2039 1256 2060 2
1281 2042 1360 2061 cum
1376 2028 1493 2060 Non.·
1503 2031 1627 2071 :quod

190 2075 281 2105 Non.
294 2073 305 2091 ¹
376 2078 420 2113 65
444 2076 536 2106 Non
560 2075 619 2116 183
661 2073 790 2107 <szmul‘
860 2077 1014 2107 66Non
1034 2083 1096 2117 505
1138 2078 1225 2108 velzt
1241 2076 1316 2107 edd.
1388 2078 1431 2112 67
1448 2054 1540 2106 Fest.
1558 2081 1621 2115 375

190 2117 368 2152 Oscorum
394 2123 518 2164 lingua
541 2119 700 2153 anulum
793 2124 838 2153 68
863 2121 961 2153 Char.
981 2122 1043 2153 GL
1060 2122 1077 2152 I
1098 2130 1158 2152 102
1197 2121 1369 2160 (Medus)
1463 2123 1508 2158 69
1531 2121 1622 2151 Non.

192 2173 245 2205 73,
265 2174 304 2196 22

409 2176 453 2203 7⁰
477 2167 568 2197 Non.
590 2174 630 2206 79

734 2177 771 2204 7¹
801 2168 904 2198 Macr.
923 2172 984 2198 sat.
1003 2167 1035 2204 6,
1057 2176 1084 2205 Ι,
1105 2167 1147 2207 36
1240 2176 1284 2204 72
1307 2167 1400 2198 Non.
1421 2165 1484 2207 246
1509 2166 1622 2197 Diom.

190 2211 252 2241 GL
269 2212 286 2242 Ι
304 2211 367 2251 382
417 2215 548 2243 istunc.-
581 2216 687 2244 istum
703 2214 813 2243 Non.:
840 2215 931 2244 hunc
962 2213 1075 2244 Diom.
1102 2225 1143 2244 ne
1165 2224 1243 2243 eum
1267 2213 1456 2254 quz‘Non.:
1482 2223 1523 2243 ne
1546 2215 1624 2253 quis

190 2259 261 2287 vim
288 2257 400 2288 Diom.
437 2259 569 2289 attulal
602 2259 716 2289 Diom.
754 2270 835 2289 neve
867 2262 933 2300 qm'
961 2259 1053 2290 Non.
1080 2258 1112 2289 ll.

190 2302 281 2333 Serv.
300 2309 385 2334 auct.
403 2305 490 2334 Aen.
515 2312 564 2341 11,
586 2311 649 2344 543
676 2305 779 2334 Macr.
797 2309 857 2335 sat.
876 2312 907 2344 3,
927 2304 958 2341 8,
980 2311 996 2343 7
1047 2301 1277 2335 ‘administra‘

189 2349 374 2389 hospitium
400 2349 562 2380 Heinsius
587 2349 694 2380 Ribb.

191 2395 234 2429 76
258 2394 286 2423 F
289 2400 349 2424 est.
371 2402 434 2434 194

407 2442 451 2476 78
469 2440 561 2471 Non.
580 2439 600 2471 6
639 2437 842 2482 Jrustrar?

421 2493 434 2515 1
456 2490 556 2516 tuum
574 2485 788 2517 Fleckeisen:
810 2491 884 2517 tum
900 2492 1003 2528 optt.:
1022 2491 1135 2518 tamen
1148 2486 1230 2517 dett.
1244 2487 1388 2528 favum,
1396 2486 1538 2527 flavum
1550 2494 1580 2513 v.
1599 2484 1619 2514 1.

190 2531 235 2558 80
258 2529 349 2560 Non.
377 2537 439 2571 375
492 2535 522 2562 te
546 2531 578 2562 ll.

195 2581 205 2602 1
236 2570 390 2606 ‘cuneata
423 2574 557 2607 tabella’

190 2438 337 2470 offerunt

190 2482 376 2524 Sophoclis)

1229 2267 1273 2295 73
1297 2259 1395 2289 Varr.
1420 2257 1498 2298 ling.
1525 2264 1554 2296 7,
1580 2265 1622 2297 34

1381 2312 1424 2341 74
1448 2304 1538 2333 Non.
1556 2310 1619 2343 325

766 2358 809 2386 75
834 2350 925 2380 Non.
946 2357 987 2390 74
1020 2353 1150 2391 possim
1167 2361 1198 2380 v.
1216 2349 1237 2380 l.
1279 2352 1387 2380 istanc
1402 2361 1423 2380 α
1441 2353 1472 2379 te
1487 2348 1622 2389 Lipsius

520 2404 562 2431 77
587 2396 684 2425 Varr.
703 2394 780 2435 ling.
800 2394 830 2431 6,
849 2394 892 2426 60
927 2395 1132 2436 grammatici
1156 2394 1238 2426 alius
1264 2394 1359 2426 aliter
1381 2394 1469 2425 hunc
1492 2403 1620 2424 versum

912 2450 956 2478 79
973 2441 1057 2472 Gell.
1078 2449 1107 2478 2,
1127 2439 1179 2477 26,
1201 2448 1238 2480 13
1277 2441 1467 2482 (Niptra,
1485 2436 1621 2483 Νἱπτρα

695 2534 733 2562 81
764 2532 854 2562 Fest.
882 2539 944 2572 343
1000 2540 1010 2562 1
1041 2547 1084 2558 z
1108 2532 1201 2562 Fest.
1227 2530 1293 2571 306
1318 2531 1412 2562 Paul.
1438 2530 1529 2560 Fest.
1555 2536 1618 2569 307

620 2585 636 2606 2
663 2574 824 2619 ‘navzjgl'is
856 2578 1019 2608 Histricis
1047 2589 1086 2608 ac
1116 2574 1323 2608 Lzburm'cz's’
1393 2578 1436 2606 82
1461 2575 1550 2606 Non.
1579 2581 1618 2613 77

189 2620 244 2649 bos
270 2618 300 2649 ll.
348 2622 448 2651 bi'bzte
471 2621 504 2651 ll
