1747 2865
613 85 703 108 mm
751 85 988 108 SENTENTIAE
1433 93 1446 118 1
1457 82 1502 118 61

108 198 132 233 9
185 192 242 243 (C
248 192 318 244 31)
351 189 471 231 Caret
500 193 647 242 periclo
679 194 745 242 qui
778 189 897 230 etiam
927 205 1017 230 cum
1049 199 1108 230 est
1137 188 1243 230 tun'is
1275 199 1388 229 cavet

79 250 154 290 10*
187 249 275 301 (17)
349 246 498 288 Comes
530 251 727 287 facundus
759 246 801 286 in
833 250 895 286 via
923 262 997 299 pro
1028 245 1210 286 vehiculo
1243 257 1300 287 est

77 312 128 346 11
181 306 268 358 (25)
349 303 571 345 Consilium
601 307 808 344 inveniunt
838 302 950 343 mfilti
981 307 1053 343 sed
1084 307 1191 343 docti
1223 302 1421 355 explicant

78 368 128 402 12
182 363 270 415 (45)
351 364 502 401 Crebro
533 359 781 412 ignoscendo
812 360 932 400 ficies
964 364 1015 400 de
1046 364 1164 400 stulto
1196 359 1423 412 improbum

80 425 130 461 13
183 419 242 471 (2)
351 416 533 458 Crudelis
565 427 623 457 est
653 421 693 456 in
724 433 766 457 re
798 417 967 458 e'idversa
998 416 1219 469 obiurge'itio

79 478 152 516 14*
185 476 272 528 (46)
347 477 422 515 Cui
452 472 541 526 pll'is
571 477 661 514 licet
693 489 814 526 quam
845 474 918 526 pz'ir
948 483 1015 522 est,
1047 477 1134 525 plus
1165 477 1247 513 vult
1277 474 1510 526 (1υὲ11111001

78 535 152 573 15*
185 533 272 584 (34)
347 530 482 571 Cuivis
513 540 645 582 potest
675 530 858 571 accidere
889 535 999 582 quod
1031 530 1216 583 cuiquz'tm
1247 540 1378 582 potest

78 595 129 630 16
181 589 240 640 (D
256 590 321 641 17)
351 587 628 628 Deliberando
660 587 826 628 discitur
856 586 1050 640 sapientia

77 647 151 686 17*
183 646 230 697 (I
235 646 274 697 7)
349 643 509 684 Desi'mt
539 648 699 696 inopiae
730 643 863 691 mi'ilta,
894 647 1081 684 avaritiae
1113 643 1249 684 omnia

77 709 127 743 18
182 702 321 754 (DII)
348 700 566 741 Difficilem
597 704 746 741 habere
777 700 935 753 oportet
965 716 1102 741 aurem
1132 705 1185 740 ad
1216 700 1380 741 crimina

77 765 127 800 19
178 759 265 811 (22)
345 761 474 797 Dulce
505 757 625 797 etiam
656 762 792 810 fugias,
824 757 935 810 quod
967 773 1146 798 amarum
1177 757 1264 798 fieri
1294 768 1426 810 potest

75 821 127 857 20
179 816 237 868 (E
245 816 314 868 22)
347 814 461 854 Erret
491 818 559 866 qui
590 819 728 854 datum
760 814 864 870 si<bi)
898 818 1008 867 quod
1040 824 1239 855 extortum
1271 814 1331 856 est
1361 825 1474 867 putat

74 878 125 913 21
178 873 265 925 (10)
345 871 477 911 Εῒίέιῑη
509 875 575 923 qui
606 875 756 912 faciunt
786 871 958 912 oderunt
988 870 1169 911 inii'iriam

76 935 128 970 22
179 930 266 982 (21)
346 928 478 968 Εῒίἑῑῐη
508 932 594 969 sine
624 932 709 981 lege
740 928 874 980 poena
905 938 964 969 est
993 927 1237 969 conscientia

74 992 127 1028 23
179 987 265 1039 (18)
348 989 409 1025 Ex
439 985 508 1026 lite
538 989 662 1025 multa
692 986 816 1038 gre'ttia
847 995 906 1026 est
935 984 1148 1026 formosior

74 1049 127 1084 24
179 1043 239 1096 (4)
349 1046 410 1082 Ex
440 1041 537 1082 vitio
568 1046 725 1082 alterius
756 1042 914 1094 sepiens
946 1042 1137 1082 emende'lt
1168 1058 1283 1083 suum

74 1106 126 1141 25
178 1102 237 1152 (F
243 1101 312 1153 32)
354 1105 374 1146 †
396 1102 642 1139 Facilitatem
672 1103 712 1138 in
744 1098 873 1139 dt'ibiis
905 1103 1024 1140 virtus
1055 1098 1226 1151 imperat

76 1163 129 1198 26
182 1158 269 1209 (33)
349 1159 509 1196 Falsum
541 1155 658 1196 etiam
691 1165 749 1196 est
778 1172 927 1200 verum,
959 1155 1070 1208 quod
1101 1160 1301 1197 constituit
1332 1156 1509 1209 si'lperior

73 1220 123 1254 27
177 1215 235 1266 (9)
345 1212 507 1253 Fatetur
536 1217 688 1253 facinus
720 1213 788 1265 qui
819 1229 973 1253 merum
1003 1213 1192 1253 iudicil'im
1222 1217 1320 1266 fugit

73 1273 149 1312 28*
181 1271 269 1323 (11)
343 1269 474 1318 Feres,
505 1285 588 1310 non
619 1273 766 1322 culpes,
798 1269 908 1322 quod
939 1274 1081 1310 mutari
1111 1270 1195 1310 non
1226 1280 1357 1323 potest

74 1333 126 1368 29
179 1328 267 1380 (14)
346 1325 488 1366 Fidem
520 1330 586 1379 qui
617 1331 758 1378 perdit,
788 1327 844 1367 nil
875 1336 1008 1379 potest
1037 1331 1138 1367 ultra
1168 1327 1337 1379 perdere

72 1386 149 1426 30*
181 1385 268 1437 (28)
347 1387 564 1436 Frugalitas
594 1383 752 1424 miseria
783 1393 842 1424 est
871 1383 1042 1424 rumoris
1072 1388 1167 1424 boni

72 1443 148 1483 31*
180 1442 268 1494 (13)
344 1440 470 1480 Furor
498 1445 543 1480 fit
573 1444 682 1481 laesa
711 1440 869 1493 saepius
900 1440 1093 1493 patientia

72 1504 124 1540 32
177 1499 237 1550 (G
254 1498 291 1551 1)
338 1500 470 1538 Grave
500 1497 787 1549 praeiudicium
819 1507 888 1546 est,
922 1497 1033 1550 quod
1064 1502 1253 1538 iudicium
1280 1498 1507 1539 nonhabet

72 1557 147 1597 33*
175 1555 243 1607 (H
252 1556 317 1607 19)
341 1553 516 1595 Heredis
547 1558 663 1595 fletus
694 1554 768 1595 sl'ib
799 1570 973 1607 persona
1003 1555 1102 1596 risus
1135 1565 1193 1596 est

70 1734 93 1762 9
110 1727 267 1766 periculo
283 1725 317 1756 ll.
364 1737 443 1756 cum
466 1730 517 1756 est
540 1736 595 1756 om
620 1725 771 1757 nonnulli
896 1735 938 1757 ιο
963 1727 1048 1758 Gell.
1070 1733 1120 1765 17,
1143 1735 1193 1767 14,
1211 1737 1231 1767 4
1262 1727 1367 1758 Macr.
1393 1734 1452 1758 sat.
1477 1736 1507 1766 2,

75 1778 104 1809 7,
127 1779 167 1801 10
203 1773 303 1814 facit
325 1773 399 1802 dux
422 1781 507 1802 unus
548 1778 617 1813 pro
642 1773 794 1803 vehiculo
818 1777 867 1803 est
891 1774 928 1803 in
952 1775 1010 1803 via
1035 1772 1102 1803 duo
1183 1782 1224 1803 ¹2
1236 1774 1358 1815 facias
1381 1773 1410 1804 ci
1426 1774 1508 1815 Mey

74 1825 115 1853 ¹3
138 1820 189 1848 est
210 1826 265 1847 om
287 1826 362 1858 pars
379 1816 412 1847 ll.
443 1828 477 1848 se
494 1828 526 1849 v.
543 1817 564 1847 l.
616 1826 657 1854 ¹4
676 1817 830 1855 Gell.17,
854 1825 903 1858 14,
921 1827 942 1858 4
980 1818 1082 1849 Macr.
1101 1823 1160 1848 sat.
1181 1826 1210 1856 2,
1230 1825 1260 1856 7,
1281 1827 1322 1849 10
1372 1828 1413 1856 ¹5
1429 1819 1506 1850 Sen.

72 1861 236 1903 tranquill.
260 1870 311 1899 11,
329 1861 348 1892 8
385 1862 510 1893 consol.
529 1871 560 1901 9,
577 1872 598 1903 4
633 1865 762 1894 cunctis
769 1868 807 1904 p.
827 1887 833 1893 .
853 1886 860 1892 .
880 1887 887 1894 .
922 1866 1033 1894 cuivis
1043 1868 1157 1904 potest
1173 1863 1271 1894 Publ.
1289 1863 1322 1894 ll.
1359 1866 1508 1895 accedere

71 1918 156 1938 unus
251 1910 293 1938 16
315 1909 446 1939 dicitur
468 1918 553 1938 unus
650 1917 689 1945 ¹7
715 1908 792 1939 Sen.
820 1907 936 1949 ¹epist.
967 1908 1039 1945 108,
1058 1917 1078 1948 9
1103 1907 1228 1939 '²contr.
1249 1916 1278 1948 7,
1300 1909 1338 1939 18
1378 1910 1419 1940 cf.
1438 1910 1506 1941 Sal-

70 1953 156 1983 vian.
182 1952 260 1984 eccl.
291 1962 324 1993 4,
355 1961 398 1984 20
436 1954 576 1994 Inopiae
601 1954 688 1994 (φῇ)
720 1955 846 1984 desunt
868 1953 967 1984 Publ.
992 1954 1025 1984 11.
1069 1956 1232 1985 luxuriae
1262 1953 1357 1986 Sen.‘-'
1396 1957 1507 1987 multa

71 1998 167 2029 Sen.:
186 2004 313 2040 pauca,
341 2004 461 2039 parva
485 1998 584 2029 Publ.
602 1998 634 2029 ll.
677 2010 784 2030 avaro
810 1999 876 2029 duo
995 2002 1037 2030 18
1068 2004 1201 2041 oportet
1232 2011 1351 2031 aurem
1384 2002 1508 2032 habere

72 2044 232 2074 Erasmus
271 2053 313 2082 ¹9
325 2046 450 2086 fugies
467 2046 559 2085 quod
566 2049 681 2085 potest
687 2045 779 2086 fieri
790 2055 952 2075 amarum
969 2045 1061 2076 cod.:
1076 2047 1208 2088 fugias
1220 2047 1258 2088 f.
1277 2057 1308 2087 q.
1326 2057 1357 2076 a.
1369 2052 1407 2087 p.
1426 2047 1506 2086 Mey

71 2098 116 2119 2ο
145 2091 268 2120 datum
299 2092 365 2130 qui
391 2088 497 2131 si<bi>
533 2090 632 2128 Mey:
666 2093 731 2131 qui
760 2091 922 2121 adultum
952 2093 987 2121 si
1014 2090 1120 2121 Riese
1166 2095 1325 2122 exortum
1359 2091 1412 2122 ll.:
1454 2102 1506 2122 em

72 2134 178 2164 Riese
264 2143 303 2164 21
331 2139 366 2164 et
387 2134 421 2164 11.
446 2139 576 2175 praeter
600 2135 681 2165 Ver.
718 2137 889 2178 fecerunt
910 2145 996 2166 unus
1066 2145 1109 2166 22
1135 2137 1218 2168 Sine
1242 2138 1311 2178 lege
1334 2142 1448 2168 autem
1467 2144 1505 2179 p.

71 2189 156 2209 unus
212 2187 257 2216 ²3
280 2181 390 2210 multo
415 2179 536 2210 Orelli:
564 2181 679 2211 inulta
703 2181 810 2211 Ribb.
851 2185 919 2211 est:
932 2182 985 2222 fit
1008 2191 1037 2211 v.
1055 2181 1076 2211 1.
1124 2190 1168 2218 24
1191 2185 1325 2223 sapiens
1349 2193 1404 2213 om
1421 2193 1506 2214 unus

73 2233 116 2261 25
147 2225 324 2256 Felicitati
352 2228 388 2256 in
419 2226 452 2256 d.
490 2226 608 2256 Virtus
641 2229 662 2258 i.
698 2225 750 2256 vel
783 2227 826 2257 In
857 2228 889 2257 d.
911 2228 1126 2269 facilitatem
1155 2239 1187 2258 v.
1221 2230 1386 2269 impetrat
1408 2229 1506 2270 Mey:

72 2270 283 2300 Felicitatem
308 2294 315 2300 .
334 2294 341 2300 .
361 2294 367 2300 .
394 2273 560 2311 impetrat
581 2270 700 2301 Baehr.
818 2280 860 2308 27
886 2275 951 2313 qui
971 2273 1074 2303 Ver.:
1109 2275 1136 2303 is
1162 2273 1248 2312 (his)
1273 2277 1339 2315 qui
1358 2273 1507 2315 plerique

74 2326 207 2346 merum
229 2315 328 2346 Ven:
354 2325 410 2346 om
434 2315 504 2346 rell.
621 2319 665 2347 28
690 2316 774 2347 Gell.
796 2323 848 2355 17,
878 2325 927 2358 14,
945 2327 965 2357 4
1001 2318 1104 2348 Macr.
1130 2325 1190 2349 sat.
1210 2326 1240 2356 2,
1260 2325 1290 2357 7,
1311 2327 1352 2349 10
1397 2322 1511 2351 vitam·

74 2360 161 2391 Gelh
183 2370 270 2391 unus
310 2365 407 2401 potes
430 2360 556 2391 Publili
579 2372 664 2392 unus
780 2371 825 2399 29
847 2363 968 2393 Eidem
993 2364 1074 2393 Ver.
1108 2365 1267 2404 perdidit
1291 2364 1404 2402 fierit)
1430 2376 1460 2396 v.
1485 2365 1505 2396 l.

72 2407 165 2437 nihil
186 2405 219 2436 ll.
260 2410 342 2447 pote
366 2406 448 2447 Mey
487 2408 580 2437 nihil
608 2419 642 2438 u.
669 2409 815 2448 perdere
831 2413 870 2449 p.
889 2419 918 2438 V.
941 2408 962 2438 l.
1034 2417 1079 2445 30
1104 2408 1188 2440 Gell.
1210 2416 1261 2448 17,
1283 2418 1333 2450 14,
1350 2419 1371 2450 4
1403 2411 1506 2442 hIacr.

72 2457 132 2482 sat.
150 2460 179 2489 2,
199 2458 229 2490 7,
251 2459 291 2481 10
329 2454 488 2482 miseria:
512 2455 642 2483 inserta
667 2452 750 2483 Gell.
771 2452 803 2483 ll.
852 2462 890 2490 31
921 2453 1005 2485 Gell.
1024 2454 1127 2485 Macr.
1146 2454 1179 2485 11.
1197 2465 1242 2486 cc.
1277 2458 1324 2486 sit
1346 2466 1376 2486 v.
1396 2455 1428 2486 l.¹
1454 2459 1506 2487 in-

72 2497 203 2539 l(ajesa
227 2496 312 2528 Gell.
328 2495 362 2527 ll.
399 2499 534 2539 surore
547 2499 600 2539 fit
622 2501 771 2529 atrocior
795 2500 861 2530 lesa
884 2502 996 2540 sepius
1013 2509 1098 2530 unus
1179 2509 1223 2537 32
1246 2505 1343 2532 cavet
1364 2501 1506 2543 Spengel

73 2551 116 2580 33
141 2542 226 2574 Gell.
252 2548 306 2581 17,
333 2550 383 2583 14,
408 2552 428 2583 4
461 2543 564 2574 Macr.
583 2548 642 2574 sat.
663 2552 692 2581 2,
712 2550 741 2582 7,
764 2552 802 2574 10
837 2546 933 2575 heres
946 2545 1056 2586 fictus
1080 2545 1155 2586 Syri
1179 2546 1328 2587 plerique
1374 2548 1506 2579 heredis

71 2590 132 2619 sub
150 2594 189 2630 p.
204 2589 315 2630 fletus
337 2598 422 2618 unus

142 2658 268 2690 Diehl,
289 2659 442 2685 Poetarum
464 2659 662 2686 Romanorum
681 2665 806 2686 veterum
826 2661 889 2687 rell.
1262 2668 1295 2690 II
