1747 2865
740 112 918 136 TOGATAE
1495 119 1546 157 99

112 227 164 261 55
221 221 295 271 198
312 222 345 272 3)
388 234 471 258 11011
503 217 630 270 iisque
662 233 825 270 quaque
857 217 1049 257 idoneum
1081 217 1260 257 invenies
1293 221 1434 264 locum,

385 279 452 315 ubi
484 274 703 327 derepente
735 274 826 315 cum
859 279 951 315 velis
983 275 1103 314 faciz'is
1136 278 1261 314 lutum

112 341 165 376 56
217 335 314 386 201)
385 336 462 372 hoc
495 331 660 372 obsecro
692 335 807 383 igitur
838 332 940 384 figite
972 341 1010 372 et
1040 347 1105 371 me
1135 331 1370 371 adiutz'imini

112 398 162 433 57
218 403 295 441 207
310 392 363 443 ss)
995 398 1210 441 postquam
1242 404 1284 428 se
1315 387 1414 427 vidit

384 449 480 486 inibi
512 445 609 493 esse,
640 454 800 497 gnatam
831 445 1038 497 pe'trvulam
1069 445 1269 486 sororibus
1291 444 1551 485 commendat

113 512 165 546 58
218 506 346 558 2163)
388 526 417 543 o
436 538 463 543 -
481 527 509 542 o
530 517 690 542 causam
722 501 876 542 coicere
906 506 1028 543 hodie
1058 507 1112 543 ad
1143 501 1182 542 te
1214 506 1305 543 volo

387 559 538 600 ambon
568 563 745 599 adestis?
782 558 1010 611 profuturos
1042 560 1209 600 iirbitror

218 620 314 670 223)
387 626 508 669 atque
539 619 604 656 ille
636 615 856 668 derepente
886 621 927 656 in
957 621 1179 657 iumentum
1211 615 1317 657 exilit

218 676 313 728 230)
384 676 460 726 ipsi
491 689 555 713 me
586 677 686 713 velle
717 672 955 714 vestimenta
987 677 1111 714 dicito

217 745 293 782 232
309 733 343 784 3)
387 729 654 771 contemnes?
686 733 783 770 liber
813 730 929 771 mitus
962 740 1032 779 est,
1073 734 1127 771 ita
1167 730 1294 771 meter
1325 734 1407 771 eius
1439 732 1551 777 dixit,

385 791 424 827 in
456 787 586 828 Gz'illia
616 803 707 827 cum
739 786 880 827 ambos
913 803 1087 828 emerem

113 852 165 887 62
219 846 316 898 240)
388 843 507 884 orbus
539 848 636 883 virili
667 843 764 884 sexu
795 847 1005 896 adoptavit
1035 848 1107 885 sibi

113 909 166 945 63
200 904 344 955 (2413)
386 900 554 941 uxorem
585 905 739 953 quaerit
769 904 1069 942 firmamentum
1102 902 1296 942 fz'xmiliae:

385 958 484 999 scies
515 962 656 998 abesse
687 962 737 998 ab
770 957 897 998 lustris
927 957 1131 1011 ingenium
1162 962 1300 1011 procul

113 1023 166 1058 64
199 1018 295 1070 (243
309 1017 343 1069 3)
809 1025 848 1056 et
878 1015 1042 1068 propter
1073 1014 1296 1068 patruelem
1326 1025 1436 1056 tuam

388 1074 594 1112 constituit
624 1075 748 1112 hilare
778 1071 983 1121 anhelans,
1015 1073 1170 1113 deiecti}
1201 1088 1319 1113 coma

115 1137 167 1172 65
201 1132 298 1183 (245
314 1131 367 1182 33)
392 1129 605 1169 00οέ13ἰοῐ10
636 1129 753 1181 ce'tpta
784 1133 923 1169 mulier
953 1133 1104 1170 involat

385 1189 426 1226 in
457 1185 612 1229 collum,
645 1189 773 1238 plorat
804 1186 900 1235 orat,
933 1189 1102 1227 occurrit
1132 1202 1259 1239 nepos

386 1246 589 1295 pausillus,
621 1247 750 1295 neptis
781 1242 901 1295 porro
933 1248 985 1284 de
1006 1243 1109 1284 lecto
1142 1247 1243 1297 frigit

114 1308 166 1342 66
201 1302 316 1353 (252)
388 1303 517 1340 vixisti
548 1303 665 1340 tristis
697 1299 818 1341 durus
851 1304 1022 1341 difficilis
1054 1310 1175 1341 tenax

114 1364 164 1399 67
200 1359 315 1410 (253)
387 1372 469 1397 non
502 1356 575 1409 ego
607 1366 646 1397 te
677 1361 771 1397 novi
802 1360 955 1398 tristem
987 1373 1152 1398 saevum
1184 1357 1356 1399 serium?

115 1421 166 1457 68
200 1416 297 1467 (254
311 1415 345 1466 3)
386 1437 415 1453 υ
435 1449 460 1454 ..
482 1418 591 1466 quod
623 1418 653 1454 si
685 1417 870 1455 fecissem
901 1419 1021 1467 paulo
1054 1414 1229 1467 saepius,

387 1473 592 1511 didicisset
622 1475 725 1511 ferre
757 1481 795 1512 et
826 1471 909 1512 non
941 1487 1029 1512 esse
1059 1472 1317 1512 intolerz'tbilis

113 1535 165 1570 69
200 1530 298 1581 (258
314 1530 347 1581 s)
389 1526 643 1568 iucunditatis
674 1527 763 1580 plus
793 1532 897 1569 inest
927 1532 967 1568 in
999 1528 1038 1569 te
1070 1533 1168 1568 mihi

387 1600 508 1636 quam
540 1584 817 1626 commercatis
849 1585 1072 1638 conquisite
1104 1585 1286 1627 edulibus

116 1649 166 1684 '70
199 1643 315 1695 (263)
387 1645 533 1682 dehinc
568 1641 832 1683 temeritatem
863 1642 1033 1695 repudio
1064 1643 1279 1695 vulgz'iriam

116 1707 165 1740 71
200 1700 315 1753 (268)
388 1698 543 1739 silentio
575 1715 676 1751 opus
709 1708 778 1748 est,
809 1699 918 1740 nulla
949 1704 1052 1740 inest
1082 1700 1236 1752 parz'ttio

118 1762 166 1797 72
201 1757 317 1809 (269)
390 1759 468 1796 hoc
499 1755 642 1808 potius,
675 1760 753 1797 hoc
784 1773 891 1797 nunc
922 1756 1036 1797 fervit
1067 1761 1234 1806 animus,
1269 1757 1346 1798 hoc
1378 1762 1467 1798 volo

118 1820 168 1855 73
202 1814 297 1866 (272
314 1815 348 1866 s)
391 1828 487 1852 nam
519 1812 584 1853 me
615 1817 750 1865 pudet,
783 1818 850 1854 ubi
882 1813 1041 1854 mecum
1073 1818 1248 1866 loquitur
1279 1814 1506 1863 Numerius,

391 1873 543 1922 aliquid
575 1874 740 1911 sufferre
772 1870 948 1911 Graece:
983 1875 1117 1911 irridet
1147 1887 1211 1911 me
1242 1874 1333 1912 ilico

119 1933 170 1968 74
202 1928 317 1979 (276)
393 1935 437 1966 tu
469 1926 726 1967 senecionem
756 1931 864 1967 hunc
894 1927 988 1968 setis
1021 1938 1080 1968 est
1110 1932 1141 1968 si
1173 1929 1318 1976 serxhs,
1350 1944 1450 1969 anus

117 2095 160 2123 55
184 2087 277 2117 Non.
298 2086 361 2127 518
407 2096 418 2118 1
449 2091 570 2125 iocum,
596 2090 686 2120 locus
710 2089 861 2130 plerique
904 2098 920 2119 2
948 2091 1087 2121 lucrum
1106 2090 1241 2131 Lipsius
1312 2093 1357 2127 56
1378 2092 1469 2121 Non.
1487 2098 1552 2131 477

118 2132 318 2172 (Inimici)
436 2142 479 2170 57
504 2134 596 2164 Non.
620 2142 682 2174 124
731 2135 1035 2175 (Materterae)
1103 2144 1114 2165 1
1144 2137 1237 2166 videt
1262 2136 1380 2176 Quich.
1444 2145 1459 2166 2
1487 2134 1554 2168 ‘sic’

117 2174 218 2208 emox’
261 2180 447 2220 gz'gnatam
471 2178 504 2209 ll.
580 2181 624 2216 58
648 2180 739 2210 Non.
760 2179 822 2219 267
877 2189 888 2210 1
918 2177 1041 2223 ‘agere’
1112 2190 1156 2218 59
1180 2182 1272 2211 Non.
1292 2181 1355 2222 518
1398 2182 1439 2221 (O
1451 2185 1553 2221 men)

117 2225 163 2253 60
186 2223 288 2253 Prisc.
319 2223 380 2254 GL
397 2223 433 2254 II
452 2231 514 2263 227
563 2221 696 2266 ‘zspsz'us’
834 2228 872 2256 61
904 2225 1001 2258 Char.
1029 2226 1090 2258 GL
1117 2227 1134 2257 Ι
1162 2235 1173 2256 1
1186 2235 1224 2266 19
1274 2227 1553 2267 (Pantelius?)

124 2277 134 2298 1
163 2269 370 2300 contemnis?
395 2269 502 2300 Ribb.
546 2278 562 2299 2
588 2272 700 2302 ambos
723 2282 800 2301 cum
819 2272 937 2304 Herm.
1008 2274 1052 2302 62
1077 2272 1169 2303 Fest.
1190 2280 1254 2312 334
1295 2273 1553 2313 (Privignus)

118 2316 163 2351 63
186 2314 278 2344 Non.
299 2322 362 2354 333
421 2322 439 2344 2
467 2316 590 2346 lustris
614 2316 725 2346 Non.:
763 2318 924 2349 inlustris
948 2318 1040 2348 Non.
1067 2317 1119 2348 ll.:
1154 2314 1407 2359 ‘lupanaribus³
1511 2322 1555 2356 64

119 2360 209 2390 Non.
231 2366 295 2400 514
345 2367 362 2389 2
387 2361 512 2391 delecta
536 2360 588 2391 ll.:
622 2363 760 2392 dz'sz'ecta
784 2362 895 2393 Bothe
1014 2367 1058 2400 65
1083 2364 1175 2393 Non.
1197 2363 1261 2403 308
1315 2372 1325 2393 1
1355 2367 1556 2396 occasionem

117 2406 239 2436 cartha
274 2405 400 2446 (casta)
426 2405 478 2436 ll.:
514 2417 541 2436 0.
567 2412 718 2447 captans,
752 2419 830 2438 cum
860 2413 975 2450 aptast
1009 2409 1086 2441 edd.
1144 2417 1161 2448 3
1188 2406 1278 2439 ‘cum
1309 2420 1388 2440 sono
1412 2408 1555 2441 sussz'lz't’

119 2453 165 2481 66
188 2451 279 2481 Non.
298 2457 362 2491 407
465 2453 509 2488 67
534 2452 625 2482 Non.
646 2460 698 2492 33.
717 2461 783 2492 409
829 2464 968 2485 saevum
978 2467 989 2484 .·
1012 2466 1157 2485 servum
1182 2454 1213 2484 ll.
1311 2457 1356 2485 68
1380 2456 1471 2486 Non.
1494 2464 1553 2497 125

122 2504 138 2525 2
165 2498 286 2527 didicit
307 2507 373 2527 esse
398 2498 426 2527 is
450 2496 482 2527 ll.
524 2494 556 2538 ‘q
567 2508 646 2528 uae
671 2500 817 2529 tolerari
838 2510 905 2531 non
924 2498 1045 2541 possz't’
1115 2502 1160 2536 69
1183 2500 1274 2530 Non.
1295 2499 1336 2530 28
1382 2509 1393 2530 1
1420 2506 1470 2532 est
1485 2512 1515 2532 v.
1534 2502 1554 2533 l.

121 2550 165 2578 70
188 2542 280 2572 Non.
300 2541 365 2582 488
472 2551 509 2578 7¹
541 2543 631 2573 Non.
655 2551 718 2581 219
767 2546 871 2576 inest:
895 2548 946 2576 mi
965 2550 1014 2576 est
1038 2545 1066 2575 ci
1091 2545 1197 2575 Ribb.
1305 2555 1347 2582 72
1372 2547 1462 2577 Non.
1490 2554 1553 2588 503

120 2588 186 2618 lzuc
211 2598 304 2618 nunc
326 2598 356 2617 v.
383 2586 402 2616 l.
475 2596 518 2624 73
542 2588 633 2618 Non.
655 2595 731 2628 397,
758 2596 774 2629 5
818 2590 1059 2631 (Prodigus)
1106 2599 1117 2620 1
1140 2592 1252 2631 pudet
1276 2594 1305 2622 it
1328 2602 1357 2622 v.
1377 2591 1396 2622 l.
1440 2601 1456 2622 2
1482 2595 1555 2635 suf-

110 2634 196 2674 fero
222 2632 274 2664 ll.:
301 2630 439 2664 ea'ea'ere’
476 2630 686 2674 ‘supponere’
763 2643 807 2671 74
831 2635 934 2666 Prisc.
953 2636 1014 2666 GL
1032 2636 1066 2666 Π
1089 2644 1150 2677 114
1199 2636 1431 2677 (Proditus)

1306 2695 1348 2732 7*
