1747 2865
677 84 833 107 SCENICA
858 84 1027 107 TRAGICA
1519 81 1540 115 S
1547 90 1568 127 5

140 197 217 232 177
252 191 367 243 (596)
439 189 489 230 ἑὼ
521 193 721 229 dracontis
762 188 883 240 stirpe
919 197 1070 228 armata
1103 187 1262 228 exortus
1292 202 1436 240 genere
1467 186 1571 227 anti-

1401 259 1515 296 qu1or

140 311 217 346 178
251 305 347 356 (597
362 305 395 357 3)
438 302 524 343 obit
553 318 661 342 nunc
694 311 821 342 vestra
851 301 1023 349 moenia,
1054 305 1183 341 omnis
1215 300 1369 342 saucios

438 359 617 407 convisit,
648 368 691 399 ut
721 358 908 399 curentur
939 358 1163 411 diligentius

141 424 219 460 179
253 418 350 472 (599
365 418 398 471 3)
438 419 552 457 iussit
582 419 775 469 proficisci
808 415 969 455 exilium
1001 419 1142 467 quovis
1177 414 1367 468 gentium,

438 489 490 514 ne
520 472 668 514 scelere
698 482 767 512 tuo
799 472 984 512 Thebani
1016 472 1241 512 vastescant
1272 475 1352 524 agri

141 539 218 574 180
251 532 366 585 (608)
436 529 519 570 non
561 534 673 570 vides
714 544 835 582 quam
875 528 1043 577 turbam,
1086 538 1257 581 quantos
1299 528 1390 568 belli
1430 532 1571 569 fluctus

1308 585 1513 626 concites?

140 653 218 688 181
252 646 350 699 (609
363 646 398 698 3)
441 643 631 696 quantam
663 646 882 695 Tyndareo
912 643 1032 695 gnata
1064 652 1102 683 et
1134 642 1311 699 Menelai
1344 647 1487 682 domus

437 704 585 741 molem
618 699 795 740 excitarit
825 699 916 740 belli
946 709 1163 752 pastorque
1194 702 1289 740 Ilius

140 766 218 802 182
252 760 344 812 (611
363 759 396 811 3)
438 762 516 798 iarn
546 757 627 797 iam
657 760 816 809 stupido
848 757 1043 798 Thessala
1073 773 1218 797 somno

494 812 657 866 pectora
688 817 958 867 languentque
988 814 1211 866 senentque

140 880 218 915 183
250 873 345 926 (613
361 873 414 926 ss)
435 894 464 912 υ
483 906 509 912 ..
528 894 558 912 υ
577 906 603 911 -
621 894 649 911 o
680 886 801 923 quem
833 870 906 924 ego
932 875 999 911 ubi
1030 875 1167 924 aspexi
1198 870 1572 923 permemorabilem

1416 927 1515 967 intui

438 984 604 1032 viderer,
636 989 675 1024 ni
707 984 872 1025 vestitus
904 994 1039 1033 taeter,
1080 984 1331 1032 maestitudo,
1373 984 1573 1024 vastitudo

436 1041 712 1094 praedicarent
748 1041 955 1083 hominem
987 1058 1074 1082 esse
1105 1041 1230 1096 (0111111
1262 1042 1479 1082 mactatum
1511 1044 1571 1080 in-

1326 1097 1514 1153 fortunio)

141 1164 219 1200 184
252 1158 367 1210 (617)
438 1171 532 1196 nam
572 1155 644 1196 etsi
677 1165 838 1207 opertus
870 1156 1077 1208 squalitate
1109 1165 1167 1196 est
1198 1154 1387 1208 luctuque
1418 1159 1572 1195 horrifi-

1401 1213 1516 1252 C'c'tbili

138 1278 217 1314 185
250 1271 366 1323 (618)
435 1269 615 1322 profecto
647 1273 930 1322 hauquaquam
959 1278 1017 1310 est
1048 1269 1156 1310 ortus
1188 1269 1380 1310 mediocri
1412 1279 1498 1310 satu

140 1335 219 1371 186
252 1329 350 1381 (619
364 1329 398 1380 s)
439 1350 469 1367 υ
488 1362 514 1367 -
534 1342 628 1367 nam
659 1330 690 1366 si
720 1342 744 1366 a
774 1342 840 1367 me
870 1326 1035 1379 regnum
1059 1330 1237 1367 Fortuna
1268 1327 1388 1379 atque
1420 1342 1517 1378 opes

439 1383 592 1436 eripere
624 1387 759 1436 quivit,
792 1384 832 1424 at
863 1384 939 1440 (ea)
972 1383 1155 1423 virtutem
1186 1387 1328 1436 nequit

139 1449 214 1484 187
250 1443 343 1495 (621
362 1442 396 1494 3)
436 1456 532 1481 nam
562 1444 593 1481 is
624 1440 787 1481 demum
819 1444 936 1481 miser
958 1450 1027 1489 est,
1058 1440 1170 1481 cuius
1191 1444 1375 1481 nobilitas
1397 1440 1575 1481 miserias

438 1497 621 1538 nobilitat

251 1557 318 1609 (62
325 1557 366 1608 3)
435 1554 607 1607 proinde
637 1559 758 1595 istaec
788 1564 856 1595 tua
888 1554 999 1595 aufer
1029 1558 1211 1595 terricula
1245 1564 1366 1607 atque
1397 1555 1574 1594 animum

1136 1615 1279 1652 iratum
1311 1611 1516 1664 conprime

139 1676 217 1711 189
252 1670 367 1722 (624)
438 1667 510 1721 pro
571 1677 679 1708 certo
735 1668 957 1709 arbitrabor
1007 1672 1145 1717 sortis,
1207 1668 1358 1717 oracla,
1418 1673 1573 1720 adytus,

1339 1724 1516 1778 augura?

140 1791 219 1826 190
252 1784 397 1837 (6253)
439 1786 507 1835 qui
538 1782 670 1835 neque
701 1786 840 1823 cuiatis
873 1782 987 1830 esset,
1019 1798 1211 1835 umquam
1243 1782 1446 1835 potuimus

439 1843 563 1880 multa
594 1839 830 1892 erogitantes
861 1839 1030 1880 sciscere

254 1898 399 1950 (6283)
440 1912 546 1937 nunc
576 1906 618 1936 tu
650 1896 691 1936 in
723 1912 764 1936 re
795 1912 958 1948 crepera
989 1895 1057 1936 tua
1087 1900 1183 1948 quid
1216 1901 1348 1949 capias
1379 1896 1527 1941 consili,

438 1957 529 1994 vide

141 2066 204 2094 177
228 2058 320 2088 Non.
340 2057 405 2098 426
441 2059 482 2089 cf.
505 2058 606 2089 verba
623 2059 771 2089 Tiresiae
797 2056 895 2090 Φοιν.
914 2067 977 2099 942
993 2068 1025 2089 33
1068 2063 1186 2089 amata
1202 2063 1363 2089 exoratus
1380 2058 1412 2087 ll.
1449 2069 1575 2098 genero

139 2103 168 2133 ci
180 2103 378 2133 Lietzmann
432 2106 500 2140 -178
517 2105 608 2134 Non.
624 2103 688 2144 398
726 2106 814 2135 obit:
831 2106 893 2135 ubi
907 2104 988 2135 trad.
1052 2113 1116 2141 ¹79
1132 2105 1224 2135 Non.
1243 2104 1302 2144 185
1330 2101 1427 2135 Φοιν.
1448 2110 1532 2143 1590
1542 2112 1574 2133 33

144 2157 155 2178 1
184 2151 283 2179 iussit
318 2148 386 2179 scil.
418 2150 575 2187 Tiresias,
602 2149 711 2180 Creon
730 2149 923 2190 pronuntiat
1009 2152 1073 2180 180
1096 2150 1187 2180 Non.
1216 2156 1279 2190 524
1317 2149 1575 2186 (Stasiastae

139 2194 191 2224 vel
207 2194 452 2234 Tropaeum
470 2195 635 2233 Liberi)
681 2199 827 2236 quantos
852 2196 947 2226 belli:
971 2200 1117 2237 quantos
1136 2197 1192 2226 vel
1208 2195 1258 2225 ll.:
1294 2206 1418 2236 quosve
1434 2194 1576 2224 Mercier

141 2242 199 2270 181
217 2239 319 2270 Prisc.
339 2239 399 2270 GL
417 2240 471 2270 III
485 2248 550 2280 424
571 2240 686 2276 (Tele
698 2239 817 2281 phus)
846 2248 863 2270 2
879 2242 976 2271 illius
993 2241 1025 2271 ll.
1078 2243 1140 2271 182
1154 2241 1257 2271 Prisc.
1273 2240 1334 2271 GL
1352 2240 1387 2270 H
1406 2247 1468 2280 512
1511 2242 1575 2276 ¹83

139 2286 229 2315 Non.
246 2283 306 2324 136
336 2293 348 2314 1
365 2288 424 2316 vir
438 2287 689 2316 memorabilem
706 2285 737 2315 ll.
752 2296 757 2316 :
774 2296 825 2316 em
844 2287 916 2316 Leo
929 2284 941 2302 ‘²
958 2295 970 2316 1
981 2295 992 2316 1
1023 2294 1040 2325 3
1062 2286 1169 2327 suppl.
1184 2286 1255 2316 Leo
1267 2284 1279 2302 ‘2
1330 2288 1393 2321 184
1403 2286 1493 2315 Non.
1511 2284 1575 2315 226

138 2331 339 2369 horrz'ficczlz'
360 2329 392 2360 ll.
490 2333 553 2368 185
578 2332 669 2361 Non.
693 2337 753 2371 174
802 2334 1110 2373 avimquamquam
1137 2332 1182 2361 L:
1209 2333 1481 2372 haudquaquam
1507 2330 1575 2360 rell.

139 2377 199 2417 frg.
231 2375 291 2416 184
305 2385 320 2406 s
345 2376 551 2406 continuavit
576 2375 669 2407 Leo²
691 2385 725 2406 11
781 2379 845 2407 186
869 2378 973 2408 Macr.
991 2382 1051 2408 sat.
1071 2376 1100 2414 6,
1124 2385 1151 2413 1,
1169 2383 1209 2417 57
1256 2374 1351 2407 Le02
1372 2385 1406 2406 11
1436 2375 1577 2406 contulit

139 2422 219 2452 Eur.
240 2421 300 2461 frg.
324 2420 408 2451 1066
456 2419 487 2453 εἰ
510 2424 582 2459 τοῖς
608 2420 642 2454 ὲν
668 2418 752 2464 οἴκῳ
776 2421 953 2467 χρήμασιν
978 2420 1207 2467 λελείμμεθα,
1232 2421 1258 2468 ἡ
1284 2419 1313 2453 δ’
1340 2419 1493 2466 εὐγένεια
1517 2420 1576 2453 καὶ

138 2466 175 2499 τὸ
201 2469 356 2510 γενναῖον
381 2465 473 2511 μένει
529 2475 546 2496 2
577 2466 653 2509 (εει)
681 2465 776 2497 Leo2
824 2479 882 2498 nec
906 2471 1007 2510 quz'z't,
1035 2480 1102 2499 non
1128 2471 1229 2508 qm'z't,
1264 2479 1373 2498 noenu
1397 2470 1474 2509 quit
1499 2467 1574 2498 edd.

143 2515 206 2550 187
230 2513 322 2543 Νοη.
344 2519 407 2553 352
456 2513 510 2543 his
535 2512 616 2543 trad.
701 2515 765 2543 188
789 2513 880 2543 Non.
901 2520 962 2552 227
1014 2516 1079 2544 ista
1103 2514 1182 2544 haec
1206 2512 1238 2543 ll.
1313 2516 1378 2550 189
1401 2513 1492 2544 Non.
1510 2512 1574 2553 488

142 2555 286 2596 ἀδύτους
311 2567 353 2588 an
369 2558 509 2589 aditus?
550 2554 727 2600 ‘auguria'
825 2567 888 2595 ¹9⁰
912 2559 1002 2589 Non.
1022 2558 1088 2599 426
1130 2566 1146 2588 2
1173 2561 1360 2600 ergz'tantes
1379 2561 1526 2590 z'scz'scere
1543 2558 1574 2588 ll.

144 2612 202 2641 191
231 2604 323 2634 Non.
349 2611 386 2643 13
440 2611 451 2632 1
481 2600 607 2634 ‘dubia’
677 2605 814 2634 consilii
835 2603 867 2633 ll.
