1747 2865
666 85 822 109 TRAGICI
846 85 998 108 1NCERT1
1492 93 1515 127 Q
1527 93 1539 118 1

112 200 164 234 22
211 194 294 245 ἵ(95
307 194 340 244 s)
382 191 515 232 hicine
546 201 605 232 est
635 195 698 232 ille
718 190 898 239 Telamo,
930 195 1054 231 modo
1086 206 1206 243 quem
1236 189 1358 243 gloria
1378 193 1431 229 ad
1455 204 1545 229 cae-

1228 250 1309 287 lum
1342 246 1489 294 extulit,

385 321 506 358 quem
538 305 806 358 aspectabant,
839 304 952 345 cuius
984 308 1036 345 ob
1068 319 1113 345 os
1135 306 1231 345 Grai
1262 303 1332 344 ora
1362 307 1546 344 obverte-

1260 361 1359 401 bent
1388 364 1488 401 sua?

112 428 165 463 23
227 422 294 473 (97
308 425 342 472 s)
387 419 476 472 quis
508 435 642 460 meum
673 417 887 458 nominans
918 417 1069 458 nemen
1101 417 1231 474 (aede)
1264 417 1420 458 exciet?

384 475 472 529 quis
503 479 675 516 tumultu
706 475 899 515 invocans
932 473 1155 516 incolarum
1185 478 1308 514 fidem
1329 479 1422 514 -P

113 540 166 575 24
199 536 291 586 (101
310 537 361 586 ss)
385 537 482 573 Iove
513 532 654 588 (patre)
686 532 902 585 pregnatus
934 531 1003 580 est,
1035 540 1078 571 ut
1098 535 1320 584 perhibent,
1342 531 1546 579 Tantalus,

389 606 439 630 ex
469 590 642 630 Tantalo
679 598 787 630 ortus
819 588 974 641 Pelops,
1017 604 1066 628 ex
1097 592 1246 640 Pelope
1276 588 1410 629 autem
1441 598 1548 629 satus

384 645 541 694 Atreus,
573 650 641 698 qui
671 655 850 686 nostrum
882 645 1001 698 po'rro
1033 645 1228 698 propaget
1256 661 1381 698 genus

112 711 164 746 25
198 710 295 755 (104
309 705 362 757 ss)
385 719 436 744 en
467 703 621 756 impero
654 707 777 755 Argis,
809 702 965 755 sceptra
996 706 1092 742 mihi
1123 701 1239 755 liquit
1270 705 1424 754 Pelops,

384 776 463 813 qua
494 759 622 813 ponto
653 764 703 800 ab
737 764 875 800 Helles
908 759 1028 812 atque
1058 764 1109 799 ab
1141 758 1258 800 Ionie
1290 763 1388 799 mari

384 816 543 870 urgetur
575 820 750 858 Isthmus

382 878 556 926 proinde
587 874 640 914 ita
671 884 813 927 parent
844 889 886 914 se
918 877 957 913 in
989 873 1080 919 vita,
1112 883 1155 912 ut
1185 876 1287 913 vinci
1317 873 1496 914 nesciant

383 931 548 983 quando
591 935 755 984 quidem
796 935 827 971 is
870 947 912 971 se
954 930 1221 971 circumvestit
1253 929 1379 978 dictis,
1421 934 1549 982 saepit

1351 986 1490 1027 sedulo

113 1052 165 1087 28
199 1047 265 1098 (12
275 1058 296 1096 5
311 1047 344 1098 s)
387 1045 492 1086 erras
514 1061 639 1086 erras:
661 1060 755 1085 nam
773 1044 812 1085 et
828 1048 1042 1084 violentem
1059 1053 1098 1084 te
1115 1043 1154 1083 et
1169 1043 1462 1095 praefidentem
1478 1048 1547 1084 tibi

384 1101 600 1154 repriment
645 1105 800 1142 validae
845 1100 977 1154 legum
1022 1104 1207 1141 habenae
1246 1110 1369 1153 atque
1409 1101 1549 1153 imperi

1187 1158 1370 1198 insistent
1400 1162 1491 1210 iugo

113 1223 165 1258 29
198 1218 313 1270 (131)
384 1216 577 1268 virginem
622 1232 687 1256 me
733 1215 942 1268 quo'ndam
987 1219 1150 1255 invitam
1194 1213 1266 1266 per
1310 1219 1388 1254 vim
1429 1219 1550 1255 violat

1314 1271 1493 1324 Iuppiter

113 938 136 973 [ὗ
113 882 136 916 [Q

141 883 165 917 6
221 888 293 914 112

144 940 162 974 7
220 945 292 982 113

198 877 210 984 ΑΛ

301 876 313 977 vv

113 1338 166 1373 30
199 1331 313 1383 (159)
383 1330 549 1382 pereant
579 1333 706 1378 amici,
738 1334 835 1369 dum
866 1329 1014 1369 inimici
1045 1345 1125 1369 una
1155 1328 1414 1369 intercidant!

112 1394 164 1429 31
199 1389 313 1440 (160)
383 1387 505 1439 quam
545 1391 668 1440 magis
709 1402 901 1427 aerumna
932 1385 1054 1439 urget,
1095 1395 1178 1426 tam
1208 1390 1332 1439 magis
1364 1386 1416 1426 ad
1448 1390 1551 1426 male

1128 1442 1358 1484 faciendum
1390 1447 1494 1496 viget

113 1507 166 1543 32
199 1502 314 1554 (162)
384 1500 517 1542 miseri
560 1510 652 1542 sunt
693 1505 759 1554 qui
802 1499 949 1541 uxeres
991 1504 1152 1540 ducunt.
1175 1526 1230 1530 ———
1252 1500 1291 1540 at
1331 1509 1373 1540 tu
1404 1504 1550 1540 duxisti

1329 1558 1493 1598 alteram

116 1622 170 1657 33
202 1617 298 1667 (165
313 1617 367 1668 ss)
1096 1615 1295 1667 posquam
1326 1625 1438 1666 pater

386 1671 683 1724 adpropinquat
724 1672 886 1725 iamque
931 1687 1061 1724 paene
1107 1681 1149 1711 ut
1185 1670 1552 1724 comprehendatur

1381 1738 1494 1781 parat

116 1934 159 1956 22
177 1924 245 1956 Cic.
265 1924 384 1957 1Tusc.
399 1933 430 1966 3,
450 1933 492 1966 39
543 1934 559 1955 2
580 1940 622 1951 Ξ
641 1923 759 1966 2epist.
781 1933 811 1963 9,
831 1924 872 1955 26
906 1925 1025 1964 (Acci
1044 1924 1328 1966 Eurysaces?)
1385 1932 1396 1953 1
1419 1924 1553 1954 haecine

114 1970 264 2012 plerique
305 1979 322 2001 2
336 1974 425 2013 grai
439 1973 514 2002 lora
532 1970 600 2002 Cic.
613 1969 625 1987 ‘²
643 1970 793 2012 plerique
849 1979 893 2007 23
918 1971 980 2001 GL
998 1970 1050 2000 VI
1068 1969 1135 2010 614
1160 1969 1334 2008 (Pacuvi
1354 1969 1387 1999 N
1399 1969 1439 2009 ip
1451 1973 1515 1999 tra
1527 1969 1550 2006 Ρ)

120 2024 132 2046 1
164 2014 235 2058 <me
258 2015 383 2058 aede)?
434 2025 450 2046 2
478 2018 672 2048 tumultum
697 2016 781 2047 trad.
887 2025 932 2052 24
957 2016 1072 2056 Quint.
1094 2016 1169 2046 inst.
1189 2024 1220 2054 9,
1240 2023 1270 2055 3,
1291 2022 1329 2055 57
1358 2014 1471 2044 Diom.
1491 2014 1552 2045 GL

114 2062 132 2092 Ι
148 2061 214 2102 448
252 2062 404 2101 (Naevi
420 2061 691 2103 IphigeniaP)
719 2062 760 2092 cf.
773 2059 877 2105 Ἰφιγ.
892 2059 927 2094 ἐν
943 2062 983 2092 T.
1006 2069 1018 2091 1
1033 2071 1065 2092 ss
1111 2069 1122 2091 1
1136 2066 1356 2103 propagatus
1370 2060 1484 2100 Quint.
1501 2059 1551 2090 ll.:

110 2111 359 2149 propugnatus
392 2108 506 2138 Diom.
534 2107 566 2139 ll.
603 2106 740 2149 (patre)
772 2111 906 2149 gnatus
931 2106 1055 2137 Buech.
1115 2115 1132 2136 2
1157 2111 1273 2137 autem
1297 2116 1352 2136 om
1378 2105 1492 2136 Diom.
1518 2104 1551 2136 ll.

117 2160 134 2192 3
147 2157 260 2193 porro
276 2163 332 2183 om
349 2153 463 2183 Diom.
482 2152 632 2193 plerique
664 2155 815 2194 paravit
830 2163 860 2182 v.
880 2152 900 2182 l.
972 2161 1016 2189 25
1042 2152 1119 2183 Sen.
1138 2152 1234 2193 epist.
1254 2151 1297 2182 80
1342 2159 1354 2181 1
1376 2165 1418 2176 Ξ
1436 2150 1550 2191 Quint.

115 2198 191 2228 inst.
210 2206 241 2237 9,
260 2207 293 2238 4,
314 2206 376 2239 140
417 2199 535 2237 (novae
560 2198 749 2239 tragoediae
773 2198 952 2228 vindicavit
977 2198 1017 2228 B.
1042 2196 1205 2237 Schmidt)
1250 2205 1262 2227 1
1290 2199 1420 2238 scrspta
1437 2196 1552 2236 Quint.

114 2253 218 2273 unus:
256 2254 366 2286 regna
389 2243 466 2275 Sen.
616 2246 661 2274 26
685 2243 754 2274 Cic.
784 2244 882 2274 Tusc.
910 2250 939 2284 5,
968 2250 1008 2284 52
1050 2243 1147 2274 Atrei
1174 2243 1227 2282 (in
1250 2242 1354 2273 Acci
1379 2242 1552 2280 Atreo?)

115 2293 328 2329 praeceptum
435 2298 477 2326 ²7
504 2289 571 2320 Cic.
590 2289 632 2319 de
652 2294 733 2320 orat.
753 2297 783 2328 3,
807 2288 867 2329 158
918 2291 979 2320 iste
1002 2300 1028 2320 c.
1055 2299 1084 2318 v.
1110 2289 1130 2318 l.
1178 2294 1275 2329 saepe
1298 2298 1328 2318 v.
1354 2287 1374 2317 l.
1422 2299 1455 2318 se
1478 2289 1552 2318 dolo

115 2334 144 2365 ci
170 2333 285 2365 Osann
309 2333 433 2365 Buech.
574 2338 618 2365 28
643 2334 710 2365 Cic.
736 2334 778 2365 de
803 2340 886 2366 orat.
915 2342 946 2374 3,
973 2333 1034 2365 166
1071 2335 1112 2365 cf.
1131 2334 1191 2364 Iul.
1210 2334 1300 2364 Vict.
1319 2332 1402 2364 rhet.
1429 2343 1460 2373 p.
1488 2341 1551 2373 432

117 2380 235 2419 (Acci
268 2379 630 2421 Clytaemestra?)
679 2380 721 2410 cf.
748 2379 870 2411 Aesch.
898 2382 963 2420 Ag.
994 2378 1080 2410 1610
1105 2380 1181 2410 Sen.
1200 2381 1265 2420 Ag.
1285 2377 1350 2419 964
1415 2387 1425 2408 1
1455 2389 1553 2409 erras

116 2436 198 2456 nam
223 2435 252 2455 v.
278 2425 298 2455 l.
348 2427 483 2456 vidente
516 2425 580 2466 (te)
615 2430 648 2456 et
673 2426 887 2467 praesidente
912 2426 1063 2466 (praes-j
1091 2425 1192 2456 trad.:
1228 2434 1280 2455 em
1306 2423 1431 2454 Buech.
1473 2435 1553 2454 nam

115 2472 329 2502 exultantem
346 2471 453 2502 Ribb.
525 2480 570 2508 29
594 2470 662 2501 Cic.
682 2471 760 2501 fam.
780 2479 810 2509 9,
831 2479 869 2501 22
913 2470 1085 2509 (Pacuvi
1110 2469 1342 2510 Antiopa?)
1415 2478 1460 2506 30
1483 2469 1552 2500 Cic.

116 2515 230 2547 Deiot.
259 2523 297 2557 25
324 2518 413 2557 Aug.
439 2526 465 2547 c.
491 2516 606 2547 Faust.
637 2516 675 2547 16
717 2517 757 2547 cf.
775 2517 874 2557 Trag.
893 2516 1007 2557 adesp.
1034 2516 1094 2556 frg.
1114 2514 1178 2555 362
1204 2513 1276 2547 Ν.2
1300 2513 1425 2560 ἐρρέτω
1452 2513 1553 2558 φίλος

118 2560 176 2594 σὺν
195 2558 316 2607 ἔχθρῳ
387 2571 425 2599 31
457 2562 571 2602 Quint.
589 2562 666 2592 inst.
686 2570 717 2601 9,
737 2569 767 2601 3,
789 2568 825 2603 15
900 2571 943 2599 32
961 2561 1067 2592 Rhet.
1088 2561 1171 2591 Her.
1194 2569 1223 2597 2,
1244 2569 1286 2601 39
1328 2563 1393 2602 qui
1407 2564 1514 2602 quz'v.
1533 2561 1552 2592 l.

117 2614 161 2643 33
186 2607 254 2638 Cic.
272 2613 339 2638 nat.
358 2608 448 2638 deor.
470 2615 500 2647 3,
519 2606 559 2646 67
611 2607 727 2647 (Acci
753 2607 942 2647 Medea?)
997 2615 1008 2637 1
1031 2611 1217 2648 postquam
1241 2617 1271 2637 v.
1296 2606 1317 2636 l.
