1747 2865
732 124 881 147 TRABEA
940 157 948 161 -
1470 118 1519 167 65

362 247 380 270 c
420 246 488 271 cur
529 239 568 270 te
607 233 648 269 in
689 233 804 270 istam
844 232 1085 269 vicinitatem
1124 231 1384 268 meretriciam
1428 241 1524 267 con-

419 290 568 327 tulisti?
601 302 669 327 cur
698 289 906 326 inlecebris
929 289 1095 339 cognitis
1115 300 1200 325 non
1221 286 1426 336 refugisti?
1458 298 1526 323 cur

418 347 588 384 alienam
628 347 748 383 ullam
778 346 984 383 mulierem
1014 346 1148 384 nosti?
1190 345 1285 382 dide
1315 356 1362 381 ac
1393 343 1525 387 disice,

419 416 491 453 per
520 416 586 441 me
616 403 748 440 licebit

361 460 391 496 d
413 481 443 498 υ
462 492 488 498 -
518 461 550 497 si
581 461 725 509 egebis,
757 456 829 496 tibi
859 460 1020 505 dolebit,
1052 455 1151 496 mihi
1182 465 1242 496 sat
1272 464 1342 502 est,

419 518 486 566 qui
527 514 667 554 aetatis
709 517 820 566 quod
859 512 1056 566 reliquom
1093 522 1152 554 est
1181 510 1380 553 oblectem
1411 526 1526 551 meae

90 578 142 613 69
176 572 272 624 (243
286 573 321 625 s)
361 580 404 611 ut
433 587 498 611 me
529 570 652 610 hodie
682 580 776 611 ante
806 585 946 610 omnes
977 569 1152 610 comicos
1183 568 1323 610 stultos
1354 583 1469 609 senes

363 628 528 668 versaris
559 637 680 680 atque
710 626 908 668 inlfisseris
938 626 1157 668 lautissime

95 691 145 726 70
178 685 294 739 (247)
366 688 398 725 si
429 684 717 725 confidentiam
749 684 927 732 adhibes,
959 687 1120 725 confide
1152 683 1288 723 omnia

96 749 145 783 71
179 742 295 795 (249)
365 740 521 781 tantum
551 757 635 782 rem
667 741 844 781 dibalare
875 750 918 781 ut
948 757 1021 793 pro
1052 745 1132 781 nilo
1163 740 1345 780 habuerit

94 805 144 839 72
179 798 295 851 (251)
367 797 601 850 quisquilias
618 798 798 846 volantis,
821 803 928 838 venti
945 797 1073 850 spolia
1089 806 1333 838 memorant:
1357 796 1526 837 imodo!

95 862 145 898 73
179 856 278 908 (259
290 855 345 909 ss)
367 878 395 894 o
414 890 440 895 -
458 878 488 896 ψ
508 890 534 895 -
552 878 582 895 υ
603 858 724 895 deum
756 858 824 907 qui
854 870 937 895 non
968 853 1171 895 summum
1202 862 1325 906 putet,

362 921 431 952 aut
461 911 623 952 stultum
654 921 722 952 aut
752 928 883 952 rerum
915 927 1000 952 esse
1031 911 1245 963 inperitum
1267 910 1526 951 existumem:

363 972 425 1009 cui
456 969 497 1009 in
528 984 651 1009 manu
682 973 741 1017 sit,
775 985 895 1021 quem
927 968 1014 1009 esse
1045 967 1277 1009 dementem
1313 971 1416 1015 velit,

364 1041 485 1078 quem
517 1026 669 1078 sapere,
702 1041 823 1078 quem
855 1026 996 1072 sanari,
1029 1041 1149 1077 quem
1170 1029 1210 1064 in
1232 1029 1417 1065 morbum
1439 1023 1530 1064 inici

365 1154 486 1192 quem
518 1139 656 1180 contra
686 1143 820 1188 amari,
863 1155 983 1191 quem
1015 1139 1158 1191 expeti,
1192 1154 1313 1191 quem
1344 1137 1533 1178 arcessier

96 1202 147 1237 74
180 1197 296 1249 (265)
367 1199 491 1237 homo
522 1196 676 1237 homini
708 1201 806 1237 deus
838 1207 907 1244 est,
938 1196 971 1236 si
1003 1212 1117 1237 suum
1149 1195 1326 1236 officium
1357 1199 1455 1236 sciat

94 1260 144 1295 ‘15
179 1254 295 1307 (266)
366 1252 489 1306 saepe
521 1263 580 1294 est
611 1257 729 1294 etiam
761 1252 835 1306 sup
866 1257 1028 1306 palliolo
1059 1252 1224 1294 sordido
1257 1252 1453 1305 sapientia

96 1317 146 1352 76
180 1310 297 1364 (269)
369 1314 663 1358 †advehuntur
694 1327 784 1351 cum
815 1310 957 1363 ilignea
990 1325 1140 1351 corona
1161 1319 1200 1350 et
1222 1310 1455 1362 chlamyde:
1493 1313 1533 1349 di

1125 1367 1300 1407 vostram
1331 1370 1471 1407 fidem!

95 1431 142 1465 77
179 1425 294 1477 (270)
367 1439 440 1476 pro
472 1428 513 1464 di
543 1424 796 1465 inmortales!
828 1423 937 1464 {inde
969 1423 1168 1477 prorepsit
1197 1428 1314 1464 truo?

586 1597 811 1634 TRABEA
843 1608 1032 1634 corucvs

97 1694 118 1726 1
152 1687 188 1739 (1
205 1700 242 1726 ss
271 1687 381 1725 Rz‘bb.
424 1687 528 1739 com.)
569 1685 662 1726 lena
702 1685 877 1726 delenita
918 1695 1083 1739 argento
1124 1684 1264 1725 mitum
1307 1686 1534 1726 observabit

1329 1758 1475 1791 meum,

274 1797 373 1851 quid
403 1803 532 1848 velim,
565 1804 661 1852 quid
692 1799 886 1840 studeam.
939 1803 1158 1840 adveniens
1190 1802 1315 1852 digito
1345 1803 1533 1852 inpellam

1291 1856 1474 1897 ianuam:

273 1911 379 1954 fores
409 1917 614 1966 patebunt.
656 1917 708 1954 de
739 1913 944 1966 inproviso
966 1917 1130 1966 Chry'sis
1151 1917 1218 1954 ubi
1240 1929 1305 1954 me
1326 1913 1532 1966 aspexerit,

92 2062 110 2081 c
135 2050 340 2081 senariorum
365 2051 506 2082 frustula
544 2053 661 2083 dissice
684 2062 787 2083 unus:
822 2054 910 2083 disce
925 2052 1075 2094 plerique
1119 2054 1143 2082 d
1170 2061 1182 2082 1
1215 2050 1335 2093 (olz'm>
1354 2051 1407 2082 vel
1427 2050 1534 2093 (post-

96 2093 178 2137 lzac)
199 2096 305 2127 Ribb.
341 2101 395 2127 sat
418 2103 468 2128 est
490 2107 546 2127 om
572 2098 639 2128 duo
689 2105 706 2127 2
733 2099 902 2139 reliquom
927 2103 1085 2138 quattuor
1109 2097 1310 2137 syllabarum
1403 2100 1449 2134 69
1466 2097 1533 2129 Cic.

96 2141 188 2171 Lael.
207 2149 251 2180 99
282 2141 324 2172 cf.
342 2141 428 2173 Cato
446 2141 488 2182 36
551 2151 563 2172 1
602 2147 640 2174 tu
673 2154 724 2174 me
743 2143 846 2173 Halm
897 2152 914 2173 2
940 2145 1091 2175 illuseris
1115 2145 1278 2183 August.:
1311 2147 1354 2173 ut
1386 2145 1533 2181 iusseris,

97 2189 236 2217 iusseris
259 2186 328 2217 rell.
412 2197 456 2224 70
471 2188 551 2218 Isid.
570 2189 650 2229 orig.
673 2196 723 2224 10,
742 2197 785 2229 40
868 2198 905 2225 7¹
935 2189 1032 2219 Varr.
1050 2189 1128 2229 ling.
1148 2195 1178 2228 7,
1200 2196 1259 2228 103
1297 2193 1432 2220 tantam
1449 2189 1533 2220 Scal.

97 2241 140 2269 72
157 2232 250 2262 Fest.
272 2238 333 2272 257
384 2241 428 2269 73
445 2233 513 2264 Cic.
531 2234 630 2264 Tusc.
649 2243 680 2273 4,
700 2233 740 2264 68
779 2242 790 2264 1
815 2232 892 2276 <ego
909 2246 1032 2265 verum
1048 2232 1227 2275 Amorem>
1248 2234 1390 2273 Bentley
1431 2243 1442 2264 1
1458 2244 1472 2265 s
1492 2235 1533 2265 cf.

97 2277 213 2318 Eurip.
242 2278 362 2318 Augae
385 2279 443 2318 frg.
472 2277 614 2319 269N²
637 2276 781 2323 ’'Epm‘tcz
813 2277 843 2311 δ’
876 2278 968 2318 ὅστις
1000 2279 1049 2325 μὴ
1082 2279 1166 2312 θεὸν
1198 2277 1304 2324 ’κρίνει
1337 2278 1445 2323 μέγαν
1476 2280 1535 2312 ’καὶ

98 2326 164 2356 τῶν
197 2320 354 2354 ἁπάντων
386 2320 555 2368 δαιμόνων
587 2322 782 2368 ὑπέρτατον,
817 2322 843 2370 ἢ
876 2324 994 2363 σκαιός
1020 2323 1107 2358 ἐστιν
1130 2323 1156 2370 ἢ
1182 2323 1297 2357 καλῶν
1323 2323 1465 2369 ἄπειρος
1490 2323 1535 2357 ὢν

100 2367 162 2402 οὐκ
188 2363 258 2400 οἶδε
283 2367 339 2400 τὸν
364 2367 525 2411 μέγιστον
551 2368 751 2414 ἀνθρώποις
776 2369 859 2403 θεὸν
918 2379 934 2401 2
960 2374 1140 2402 existumet
1167 2372 1237 2409 (-at)
1258 2371 1290 2402 ll.
1310 2381 1348 2402 ex
1367 2370 1535 2402 Ciceronis

98 2424 172 2446 ore:
197 2416 366 2445 existumo
391 2414 533 2454 Bentley
581 2423 599 2455 3
625 2419 684 2446 cui
706 2415 754 2446 ll.:
784 2415 952 2447 Ciceronis
982 2417 1158 2447 arbitratur
1187 2416 1299 2447 CFW
1325 2416 1469 2447 Mueller
1514 2427 1534 2458 4

100 2462 255 2492 insanire
277 2458 310 2488 ll.
347 2459 497 2500 plerique
544 2467 560 2500 5
601 2471 731 2491 versum
768 2461 929 2492 excidisse
964 2463 1048 2492 vidit
1073 2461 1215 2502 Bentley
1263 2461 1282 2493 6
1319 2465 1481 2493 arcessiri
1502 2462 1534 2493 ll.

99 2511 230 2547 praeter
253 2505 352 2535 Bern.
401 2514 445 2542 74
469 2505 595 2544 Symm.
623 2507 718 2547 epist.
745 2514 776 2546 9,
806 2515 867 2547 114
916 2516 958 2544 75
983 2507 1051 2538 Cic.
1072 2509 1170 2539 Tusc.
1196 2515 1227 2547 3,
1245 2507 1288 2548 56
1337 2510 1382 2545 76
1398 2508 1482 2539 Gell.
1505 2515 1534 2548 5,

100 2550 131 2589 6,
160 2559 199 2582 12
247 2551 435 2581 advehitur
459 2550 600 2582 Bothius
649 2554 760 2594 ilzjgna
785 2552 983 2584 Fleckeisen
1055 2562 1096 2590 77
1114 2553 1208 2583 Paul.
1226 2554 1255 2583 F
1259 2558 1318 2584 est.
1338 2552 1400 2593 367
1446 2556 1536 2586 unde

98 2598 153 2628 hic
175 2595 304 2626 Aldina
340 2592 578 2628 ‘onocrotalus'

103 2651 116 2672 ι
146 2641 215 2673 Cic.
233 2642 331 2672 Tusc.
358 2651 389 2682 4,
408 2640 447 2681 67
477 2642 645 2684 (fabula
670 2643 848 2682 incerta)

170 2701 299 2732 Diehl,
318 2701 474 2728 Poetarum
496 2702 693 2729 Romanorum
712 2706 837 2728 veterum
857 2704 919 2729 rell.
1310 2709 1326 2742 5
