1747 2865
221 78 274 115 50
808 69 849 92 Μ.
874 69 1056 92 PACVVIVS

251 183 275 217 3
307 177 784 224 (12ss).-o..o..o-o
809 177 865 213 sol
895 177 927 213 si
957 177 1148 226 perpetuo
1179 177 1263 222 siet,

465 234 657 270 flammeo
687 233 835 282 vapdre
865 239 1018 270 torrens
1048 233 1174 271 terrae
1204 235 1329 270 fetum
1361 235 1571 272 exusserit:

464 290 598 326 omnia
628 290 701 327 nisi
731 286 968 327 interveniat
997 291 1053 327 sol
1083 291 1226 339 pruina
1256 287 1499 340 obriguerint

307 348 394 396 (15)
464 346 812 396 minitabiliterque
843 346 1050 396 increpare
1080 347 1195 384 dictis
1227 348 1354 385 saevis
1385 347 1522 397 incipit

252 404 395 454 (16)
465 415 602 441 nonne
633 402 727 440 hinc
757 415 828 441 vos
859 416 1029 453 propere
1059 404 1224 441 stabulis
1255 404 1505 442 amolimini?

309 460 396 510 (20)
466 459 626 505 salvete,
656 461 813 509 gemini,
845 460 935 497 mea
966 473 1161 510 propages
1193 461 1414 510 sanguinis!

263 523 302 555 a
323 517 394 568 (2ο
406 517 440 568 a)
1046 518 1177 554 illuvie
1208 518 1382 567 corporis

465 574 503 611 et
533 588 650 613 coma
679 574 834 624 prolixa
864 575 1024 624 impexa
1045 575 1337 624 c6nglomerata
1357 581 1477 624 atque
1498 575 1655 612 horrida

255 637 273 670 7
308 631 394 682 (22)
465 632 534 681 qui
565 633 679 682 viget,
710 632 891 669 vescatur
920 631 1049 676 armis,
1080 631 1123 668 id
1153 632 1344 681 percipiat
1374 631 1594 681 praemium

252 693 274 727 8
308 689 375 737 (23
391 688 425 737 s)
465 709 576 727 -υ-
595 690 662 738 qui
693 688 780 726 sese
809 688 964 726 adfines
996 688 1082 726 esse
1111 689 1164 725 ad
1195 689 1442 725 causandum
1469 689 1617 733 volunt,

467 745 519 782 de
549 746 690 783 virtute
721 747 752 783 is
785 745 858 795 ego
889 746 1082 782 cernundi
1117 746 1169 782 do
1200 751 1440 794 potestatem
1472 745 1654 782 omnibus

309 802 346 851 (2
354 801 395 852 5)
466 803 517 839 an
559 804 647 852 quis
690 809 748 840 est
778 803 844 851 qui
876 801 914 838 te
946 814 1033 840 esse
1065 803 1239 852 dignum,
1281 802 1443 852 quicum
1475 802 1655 847 certetur,

1457 860 1598 908 putet?

228 921 277 955 10
311 916 377 965 (32
393 919 428 966 s)
468 936 497 953 ψ
517 949 541 952 -
573 923 611 953 et
642 929 783 953 aecum
814 921 853 952 et
882 915 1032 952 rectum
1064 922 1132 960 est,
1165 912 1232 967 (id)
1265 917 1374 965 quod
1405 916 1589 964 postulas.

464 974 579 1010 iurati
609 979 774 1011 cernant

227 1035 273 1068 11
309 1029 395 1079 (35)
466 1032 576 1079 quod
610 1030 682 1080 ego
714 1030 888 1067 inaudivi
919 1029 1099 1079 accipite,
1142 1036 1181 1067 et
1214 1030 1312 1079 quid
1342 1031 1390 1067 sit
1420 1030 1525 1067 facto
1556 1042 1656 1078 opus

1400 1086 1600 1123 decernite

228 1148 276 1181 lt}
310 1143 397 1192 (36)
469 1144 560 1181 cum
592 1146 778 1182 recordor
809 1143 894 1182 eius
924 1145 1098 1181 ferocem
1130 1151 1169 1181 et
1197 1145 1350 1180 torvam
1372 1143 1655 1180 confidentiam

229 1205 277 1239 13
312 1200 381 1248 (38
394 1200 428 1250 s)
469 1202 563 1237 nam
604 1202 721 1247 canis,
760 1202 923 1250 quando
965 1200 1022 1238 e'st
1060 1213 1247 1250 percussa
1276 1201 1421 1249 lapide,
1461 1213 1543 1237 non
1574 1206 1656 1237 tam

1292 1258 1401 1294 illum
1436 1258 1598 1306 adpetit,

468 1314 536 1363 qui
568 1327 656 1352 sese
687 1315 762 1360 icit,
795 1327 915 1364 quam
945 1314 1056 1351 illum
1087 1327 1178 1352 eum
1210 1315 1340 1364 ipsum
1371 1315 1557 1364 lapidem,
1589 1314 1656 1363 qui

1180 1372 1267 1421 ipsa
1296 1373 1373 1409 icta
1404 1371 1471 1417 est,
1502 1371 1601 1420 petit

231 1432 278 1466 14
317 1427 403 1476 (43)
473 1428 681 1477 parentum
712 1429 905 1465 incertum
935 1428 1254 1478 investigandum
1283 1429 1407 1478 gratia

230 1491 278 1523 15,
317 1490 385 1532 (44
399 1486 431 1533 s)
1130 1486 1237 1523 dolet
1266 1486 1453 1535 pigetque

469 1543 592 1591 magis
634 1543 838 1592 magisque
870 1542 935 1579 me
965 1549 1153 1580 conatum
1184 1543 1261 1580 hoc
1292 1542 1510 1592 ne'quiqam
1545 1542 1659 1578 itiner

1452 1631 1478 1636 -
1493 1618 1523 1636 υ
1540 1631 1561 1634 -
1573 1620 1602 1635 ψ

230 1660 279 1694 16
313 1655 399 1705 (47)
468 1657 634 1704 gradere
666 1656 786 1705 atque
817 1663 993 1694 atrocem
1024 1655 1163 1693 coerce
1194 1656 1500 1694 confidentiam!

258 1712 383 1761 (50
395 1711 428 1761 s)
469 1733 498 1749 υ
517 1745 543 1750 -
562 1733 592 1750 υ
611 1745 637 1750 -
656 1733 686 1750 υ
706 1746 729 1749 -
750 1734 779 1750 υ
800 1746 823 1749 -
843 1734 873 1750 o
903 1714 1043 1750 dubito
1075 1726 1195 1762 quam
1225 1714 1403 1750 insistam
1435 1714 1539 1750 viam

468 1776 536 1806 aut
582 1771 689 1819 quod
732 1771 991 1819 primordium
1037 1771 1233 1819 capissam
1278 1771 1330 1807 ad
1375 1766 1538 1819 stirpem
1589 1781 1656 1805 ex-

1142 1828 1380 1876 quirendum
1412 1823 1551 1879 (virum
1566 1824 1599 1877 Ρ)

227 2005 247 2032 3
272 1994 392 2026 Varr.¹
418 2001 497 2026 rust.
526 2004 552 2033 Ι,
581 2005 610 2033 2,
629 2004 645 2037 5
677 1999 711 2033 -1-
741 1998 832 2029 Fest.
859 2005 922 2038 352
953 2000 987 2035 -l—
1016 1996 1138 2028 Varr.2
1159 1997 1235 2038 ling.
1262 1996 1294 2034 6,
1313 1997 1332 2027 6
1369 1997 1410 2028 cf.
1430 1997 1510 2028 Isid.
1528 2002 1595 2028 nat.
1614 2006 1656 2037 44

227 2042 306 2081 origi
331 2049 379 2081 13,
399 2049 435 2071 21
504 2050 515 2071 1
542 2044 590 2072 sit
611 2042 738 2073 Varro:
773 2053 825 2073 em
851 2042 992 2074 Bothius
1054 2051 1071 2073 2
1098 2048 1232 2074 torrens
1257 2047 1367 2074 torret
1383 2042 1463 2073 Isid.
1523 2051 1542 2083 3
1569 2045 1662 2073 noctz'

228 2090 268 2117 m*
282 2089 302 2117 2'.
310 2088 535 2129 fructusper
547 2091 721 2128 pruinam
739 2100 766 2119 ο.
780 2088 863 2120 Scal.
879 2089 1004 2120 Ribb.:
1029 2089 1145 2120 luseris
1168 2087 1274 2131 (nox)
1296 2089 1326 2127 (i.
1342 2089 1453 2128 noctu)
1470 2091 1586 2119 omnia
1598 2097 1657 2129 eqs

226 2141 247 2168 4
271 2133 362 2162 Non.
384 2140 446 2172 139
516 2142 537 2169 5
562 2133 653 2164 Non.
674 2140 712 2173 73
766 2133 819 2175 <e>
845 2136 989 2166 stabulis
1013 2134 1095 2166 Scal.
1113 2135 1190 2165 fort.
1208 2139 1295 2165 recte
1364 2136 1388 2164 6
1410 2134 1502 2165 Non.
1520 2133 1573 2174 64.
1594 2141 1653 2164 221

226 2180 267 2207 6a
285 2177 394 2208 Schol.
408 2178 499 2209 Pers.
520 2186 546 2216 1,
562 2185 601 2217 77
633 2182 806 2220 promissa
820 2190 849 2210 v.
863 2179 883 2209 l.
921 2180 988 2210 scil.
1002 2182 1152 2221 Antiopa
1164 2181 1286 2211 Dirces
1299 2191 1399 2211 serva
1447 2189 1467 2216 7
1484 2180 1576 2210 Non.
1591 2178 1655 2219 416

228 2224 465 2261 (Armorum
500 2224 721 2264 iudicium)
769 2222 916 2256 ζιιΐαίιιν3
953 2229 983 2256 z't
1005 2225 1057 2256 vel
1081 2231 1122 2256 ut
1144 2225 1177 2258 ll.
1300 2228 1322 2256 8
1346 2226 1438 2256 Non.
1467 2223 1543 2265 ¹89.
1569 2222 1652 2255 ²261

233 2276 243 2297 1
273 2270 419 2310 adfinem
444 2268 494 2299 11.;
530 2271 625 2312 ads.
652 2270 776 2301 Buech.
836 2279 853 2300 2
878 2272 931 2302 lzz's
956 2270 1070 2302 Νοῑι.1
1096 2282 1126 2302 v.
1151 2271 1190 2302 1.:
1216 2276 1249 2302 et
1270 2268 1405 2302 Non.²:
1438 2274 1484 2302 eis
1507 2270 1657 2310 Lindsay

221 2319 258 2354 p.
285 2326 311 2345 c.
337 2316 368 2345 d.
394 2326 421 2345 0.
447 2313 563 2345 Non.‘-'
632 2324 654 2352 9
677 2316 768 2346 Non.
787 2323 850 2356 473
900 2313 1025 2347 ‘certet’
1097 2326 1139 2347 ιο
1162 2318 1249 2348 Non.
1271 2315 1331 2347 261
1374 2321 1442 2348 est:
1464 2319 1510 2348 sit
1533 2314 1655 2346 Buech.

230 2358 309 2401 <tu>
344 2360 450 2390 Ribb.
575 2369 609 2391 ιι
639 2361 730 2391 Non.
761 2361 822 2391 126
870 2373 927 2404 ego
952 2362 1005 2393 del
1032 2362 1072 2392 G.
1098 2363 1216 2393 Herm.
1265 2363 1341 2393 fort.
1375 2364 1467 2404 quo'd
1498 2372 1555 2403 ego
1586 2370 1655 2401 eqs.

226 2401 371 2436 ‘audivi'
466 2415 506 2436 12
530 2406 622 2437 Fest.
643 2413 706 2447 355
744 2407 785 2437 cf.
803 2407 894 2437 Non.
914 2406 978 2438 262
1075 2417 1115 2445 ¹3
1139 2409 1230 2439 Non.
1253 2416 1315 2448 124
1365 2416 1382 2438 2
1399 2418 1448 2439 ses
1471 2406 1524 2437 vel
1546 2418 1580 2437 se
1602 2405 1653 2437 11.;

227 2452 285 2480 sed
300 2449 435 2481 Ritschl
474 2462 551 2482 eum
569 2455 701 2493 ipsum:
724 2458 859 2493 eumpse
874 2453 966 2484 Voss
982 2453 1089 2484 Ribb.
1163 2463 1204 2490 ¹4
1222 2454 1312 2485 Non.
1332 2460 1395 2494 495
1423 2452 1656 2492 (Atalanta)

232 2504 272 2531 ¹5
297 2495 388 2527 Non.
408 2504 475 2536 490
513 2507 638 2527 unum
664 2498 867 2528 octonarium
893 2508 965 2529 esse
988 2499 1115 2530 mavult
1139 2498 1262 2530 Buech.
1317 2507 1329 2529 1
1357 2498 1409 2529 vel
1432 2499 1522 2529 dole‘t
1615 2499 1657 2527 16

228 2540 318 2570 Non.
339 2540 402 2571 262
442 2553 589 2574 coercere
613 2542 720 2583 (coh-)
746 2542 778 2574 11.
827 2540 1028 2575 ‘audaciam’
1135 2554 1176 2582 17
1201 2545 1291 2576 Non.
1313 2543 1377 2574 226
1427 2551 1443 2574 2
1469 2555 1491 2574 a
1513 2545 1655 2583 stirpem

227 2588 459 2625 exqul'rentem
482 2588 566 2618 trad.
