1747 2865
208 126 284 174 146
623 126 779 149 HOSTIVS
850 126 885 147 A.
911 125 1044 147 FVRIVS
1070 124 1209 147 ANTIAS

796 265 1036 303 HOSTIVS

699 344 873 371 BELLVM
906 343 1143 370 HrsTchvM

281 438 301 464 2
336 424 487 475 Baehr.)
519 425 687 474 percutit
707 430 830 473 atque
851 425 1007 461 hastam
1028 424 1155 472 pilans
1176 435 1273 472 prae
1294 423 1475 471 pondere
1495 422 1637 471 frangit

308 482 320 533 )
1136 480 1333 518 sententia
1362 485 1522 528 praesto

355 545 518 588 pectore
547 538 669 587 pilata

206 601 231 637 3
278 595 320 646 4)
352 608 473 644 saepe
504 607 641 644 greges
672 607 844 643 pecuum
875 606 924 631 ex
954 594 1128 631 hibernis
1159 594 1336 642 pastibus
1368 593 1505 641 pulsae

207 658 232 692 4
281 652 322 703 5)
1068 662 1150 687 non
1181 650 1211 687 si
1242 650 1339 686 mihi
1370 650 1525 698 linguae

356 715 515 746 centum
546 715 667 757 atque
698 720 768 744 ora
797 708 899 744 sient
929 708 1096 744 totidem
1128 718 1329 755 vocesque
1359 707 1534 755 liquatae

354 823 609 871 arquitenens
641 821 833 858 Latonius

666 969 713 1005 A.
745 968 943 1005 FVRIVS
975 968 1183 1004 ANTIAS

267 1049 302 1099 (1
340 1048 493 1099 Baehr.)
524 1049 717 1098 sanguine
748 1048 906 1085 diluitur
935 1047 1060 1089 tellus,
1092 1059 1189 1084 cava
1219 1053 1322 1084 terra
1352 1047 1503 1084 lutescit

268 1105 325 1157 (2)
387 1107 522 1143 omnia
551 1111 788 1142 noctescunt
817 1105 990 1142 tenebris
1021 1104 1192 1153 caliginis
1222 1110 1331 1140 atrae

269 1163 326 1213 (3)
386 1163 610 1200 increscunt
639 1162 770 1207 animi,
802 1162 956 1199 virescit
985 1161 1146 1198 volnere
1177 1161 1298 1198 virtus

268 1220 307 1271 (4
322 1219 355 1271 s)
387 1220 485 1257 sicut
515 1220 631 1256 fulica
661 1220 756 1256 levis
777 1219 915 1255 volitat
945 1230 1063 1267 super
1092 1230 1269 1267 aequora
1299 1217 1442 1262 classis,

386 1278 544 1326 spiritus
576 1277 772 1313 Eurorum
804 1276 935 1312 viridis
966 1288 1056 1312 cum
1087 1280 1280 1323 purpurat
1310 1275 1439 1311 undas

213 1340 236 1373 5
269 1332 326 1384 (ὁ)
388 1346 468 1383 quo
499 1334 621 1382 magis
650 1333 690 1369 in
721 1333 854 1382 patriis
884 1332 1039 1381 possint
1069 1332 1300 1380 opulescere
1331 1331 1482 1379 campis

212 1056 232 1089 1

211 1111 234 1146 2

213 1169 236 1204 3

211 1225 236 1260 4

608 1480 656 1527 Q.
688 1480 964 1517 VALERIVS
995 1479 1249 1517 SORANVS

218 1567 238 1600 1
273 1560 307 1611 (1
344 1559 497 1609 Baehr.)
531 1566 643 1597 vetus
674 1560 816 1609 adagio
847 1566 916 1604 est,
947 1572 970 1596 o
1003 1559 1114 1596 Publi
1146 1559 1277 1607 Scipio

216 1622 240 1657 2
272 1618 330 1668 (2)
363 1618 506 1654 Accius
539 1618 757 1654 Hectorem
788 1617 911 1654 nollet
941 1617 1081 1661 facere,
1114 1616 1292 1653 Hectora
1323 1615 1458 1651 mallet

218 1785 230 1805 ι
260 1775 350 1806 Serv.
385 1781 468 1805 auct.
494 1777 582 1806 Aen.
620 1783 669 1812 12,
706 1783 765 1805 121
809 1774 931 1813 (liber
966 1773 1136 1815 primus)
1177 1769 1306 1814 ‘figens'
1423 1781 1444 1801 2
1468 1771 1560 1802 Serv.
1587 1770 1606 1800 l.
1624 1770 1646 1800 1.

219 1830 235 1851 2
261 1818 354 1861 ‘fixa’
391 1817 544 1852 tstabilis’
659 1829 680 1857 3
704 1820 806 1851 Prisc.
833 1820 894 1851 GL
911 1820 945 1849 II
972 1825 1036 1857 270
1074 1818 1262 1857 (Hostilius
1289 1821 1325 1848 in
1349 1818 1375 1848 I
1390 1816 1530 1852 annali)
1623 1824 1647 1852 4

217 1867 319 1897 Macr.
344 1872 404 1897 sat.
423 1865 454 1902 6,
474 1865 540 1906 3‚6
577 1866 702 1904 (liber
731 1865 965 1903 secundus)
1010 1864 1159 1894 imitatus
1193 1869 1243 1894 est
1276 1863 1378 1903 Verg.
1410 1872 1521 1903 georg.
1548 1869 1578 1899 2,
1603 1869 1645 1902 43

217 1921 238 1949 5
263 1912 367 1942 Macr.
384 1918 444 1942 sat.
465 1911 495 1947 6,
515 1919 544 1952 5,
565 1911 583 1941 8
624 1911 638 1953 <
669 1910 683 1953 >
711 1911 787 1942 add.
815 1911 933 1951 Haupt

221 1967 306 1994 1——5
332 1957 416 1988 Gell.
447 1957 496 1993 18,
526 1965 559 1987 11
597 1957 669 1995 (sub
695 1957 839 1987 rubtica:
873 1958 976 1986 verba
999 1967 1040 1986 ex
1062 1956 1273 1986 carminibus
1297 1955 1413 1985 Furi
1438 1954 1502 1984 An
1518 1954 1647 1983 tz'atz's

218 2005 334 2034 inscite
368 2014 389 2033 a
429 2004 585 2034 Caesellio
628 2004 763 2033 Vindice
797 2002 1008 2042 reprehensa)
1055 2008 1073 2040 3
1088 2010 1102 2030 s
1141 2002 1245 2041 (quae
1282 2000 1501 2040 reprehendit
1534 2001 1649 2028 autem

222 2049 401 2080 Caesellius
432 2050 592 2079 Furiana
632 2049 711 2079 [Ζαρι-
748 2052 851 2078 sunt.-
887 2048 980 2088 quod
1010 2051 1140 2076 terram
1173 2048 1210 2076 z'n
1240 2046 1354 2076 lutum
1386 2055 1522 2075 versam
1553 2040 1649 2074 ‘lute-

217 2091 314 2124 scere’
345 2095 474 2124 dixerit
501 2098 534 2123 et
564 2096 715 2124 tenebras
746 2097 783 2124 in
817 2096 922 2123 noctis
954 2093 1090 2123 modum
1105 2093 1226 2134 factas
1251 2087 1454 2121 ‘noctescere’
1478 2094 1511 2120 et
1527 2090 1650 2130 pristi-

220 2151 280 2170 nas
314 2142 503 2179 reciperare
533 2142 623 2169 vires
653 2136 846 2175 ‘vz’rescere’‚
879 2142 920 2174 et,
946 2139 1037 2179 quod
1059 2141 1181 2167 ventus
1205 2147 1300 2167 mare
1322 2137 1502 2166 caerulum
1533 2136 1652 2174 crispi-

218 2196 297 2215 cans
330 2187 496 2227 nitefaclt‚
529 2181 732 2225 ‘puy-picra?
763 2186 902 2221 dixerit,
935 2188 968 2213 et
998 2184 1200 2223 opulentum
1214 2183 1305 2224 fieri
1326 2177 1545 2222 εορῑιίεςεενέ.
1577 2190 1651 2210 ver-

219 2241 276 2261 sus
296 2254 303 2261 .
322 2255 328 2260 .
349 2254 355 2260 .
373 2232 644 2271 expoematis
662 2231 830 2260 Furianis
848 2254 854 2260 .
874 2253 880 2259 .
901 2253 907 2259 .
924 2229 1076 2267 subdz‘dz)
1128 2237 1140 2258 ι
1164 2242 1207 2253 =
1226 2228 1317 2258 Non.
1340 2234 1400 2266 133
1459 2235 1479 2256 2
1497 2240 1540 2251 =
1558 2225 1649 2255 Non.

225 2283 284 2315 145
334 2284 355 2312 3
373 2289 414 2301 Ξ
434 2276 525 2305 Non.
548 2274 608 2305 188
658 2284 735 2312 5:
753 2275 844 2305 Non.
870 2274 929 2314 148
989 2283 1010 2304 2
1036 2275 1187 2304 tenebras
1209 2282 1295 2303 unus
1313 2271 1400 2303 Gelli
1455 2280 1476 2308 3
1499 2273 1652 2302 crescunt

221 2321 312 2351 Non.
340 2320 372 2350 ll.
420 2323 559 2351 virescit
591 2321 702 2351 Non.:
736 2323 913 2351 virescunt
943 2319 1027 2350 Gell.
1054 2319 1088 2349 ll.
1123 2323 1253 2359 praeter
1281 2328 1384 2348 unum
1423 2313 1649 2355 (increscunt)

222 2367 366 2402 volucre,
391 2368 526 2396 volvere
550 2365 634 2396 Gell.
654 2376 685 2396 v.
703 2365 724 2395 l.
772 2368 862 2396 vires
881 2364 966 2396 Gell.
984 2375 1014 2395 v.
1032 2364 1052 2395 l.
1100 2373 1122 2400 4
1151 2372 1162 2394 Ι
1180 2365 1288 2406 sulca
1313 2364 1496 2398 Pontanus,
1525 2361 1584 2392 sed
1609 2359 1650 2390 cf.

223 2410 366 2441 Skutsch
384 2410 522 2441 Forsch.
548 2411 565 2441 I
597 2419 656 2450 113
704 2413 752 2442 sic
762 2412 884 2453 fulica
911 2412 1018 2441 levius
1043 2409 1146 2440 Beloe
1195 2417 1212 2439 2
1238 2410 1379 2440 Eurous
1403 2407 1521 2438 Baehr.
1567 2407 1651 2436 dum

224 2457 261 2486 L.
280 2456 422 2486 Mueller
506 2466 527 2493 5
552 2459 661 2498 magis
683 2459 718 2487 si
735 2459 815 2487 sint
832 2459 868 2487 in
892 2467 922 2485 v.
949 2455 969 2485 l.
1012 2458 1163 2496 patriis:
1193 2457 1321 2495 campis
1346 2455 1437 2485 Non.
1462 2452 1495 2483 ll.
1542 2451 1651 2492 opuli-

222 2512 310 2531 scere
337 2502 427 2532 Non.

227 2555 239 2575 ι
277 2547 372 2577 Varr.
406 2546 482 2586 ling.
510 2553 540 2585 7,
566 2555 604 2586 31
646 2546 702 2586 (id
729 2551 779 2577 est
809 2548 901 2587 quod
932 2544 1117 2589 παροιμίαν
1149 2549 1273 2576 vocant
1307 2543 1444 2583 Graeczy
1485 2541 1527 2572 cf.
1558 2538 1652 2570 Paul.

224 2591 315 2621 Fest.
346 2599 382 2621 12
417 2592 506 2622 Don.
531 2592 618 2622 Eun.
644 2591 710 2632 428
735 2591 858 2622 GLoss.
890 2601 915 2622 s.
941 2602 971 2621 V.
1011 2595 1108 2622 vetus
1142 2589 1233 2631 (sat)
1270 2588 1389 2619 Baehr.
1421 2593 1458 2618 ut
1490 2586 1654 2617 senarium

224 2636 396 2666 audiamus
420 2637 597 2667 iambicum
668 2646 688 2667 2
712 2637 809 2667 Varr.
826 2636 903 2677 ling.
925 2644 975 2672 10,
996 2643 1038 2674 70
1069 2636 1111 2666 cf.
1136 2634 1292 2665 Funaioli
1313 2644 1346 2674 p.
1365 2633 1405 2671 78
