1747 2865
739 91 906 114 TRAGICA
1482 100 1504 138 5
1517 101 1528 126 1

106 201 156 236 18
189 195 276 246 (55)
346 198 512 235 murtem
545 205 756 244 ostentant,
794 198 916 248 regno
948 200 1160 248 expellunt,
1201 200 1534 248 consanguineam

1171 269 1257 294 esse
1289 257 1478 293 ubdicant

106 314 157 349 19
189 309 276 360 (60)
345 324 448 361 quae
489 311 696 361 aegritudo
736 311 915 350 insolens
945 313 1122 350 mentem
1153 314 1364 362 attemptat
1393 315 1533 350 tuam?

103 371 155 406 20
187 366 274 417 (61)
339 369 472 406 habeo
504 381 588 418 ego,
620 369 735 406 istam
767 369 835 418 qui
868 370 1104 419 distinguam
1135 370 1237 407 inter
1266 382 1336 408 vos
1367 371 1538 419 gemini-'

1296 428 1477 464 tudinem

102 485 153 519 21
187 479 254 531 (62
269 481 303 530 s)
343 503 371 518 o
402 478 434 519 is
465 488 684 519 vestrorum
715 482 801 519 uter
831 484 888 527 sit,
922 485 984 520 cui
1015 484 1170 533 signum
1201 486 1340 521 datum
1372 490 1439 528 est,

344 545 447 576 cette

101 598 153 633 22
186 593 273 644 (64)
342 592 579 644 suspensum
610 597 650 632 in
681 596 795 633 laevo
826 596 1012 633 bracchio
1044 597 1216 633 ostendo
1247 597 1438 646 ungulum

101 655 154 691 23
186 650 254 701 (65
268 651 302 699 s)
343 664 437 689 nam
469 652 576 700 quod
608 654 793 697 conabar,
825 666 916 690 cum
948 653 1217 690 interventum
1249 661 1317 698 est,
1350 654 1494 699 dicere,

342 722 448 746 nunc
480 709 680 758 expedibo

100 769 153 803 24
185 763 271 814 (67)
341 767 394 802 mi
423 764 554 815 gnate,
586 773 629 802 ut
660 778 797 803 verear
827 766 960 815 eloqui
991 766 1129 816 porcet
1160 768 1291 815 pudor

99 825 152 861 25
184 821 270 871 (68)
340 823 533 872 triplicem
564 823 659 859 virili
691 823 788 859 sexu
818 829 975 872 parturn
1007 824 1186 872 procreat

99 882 152 918 26
183 877 253 929 (69
265 878 299 927 s)
341 880 409 916 ubi
440 879 513 929 ego
543 892 608 917 me
637 880 840 929 gravidam
872 876 1000 917 sentio
1031 878 1314 929 adgravascere

339 936 638 986 propinquitate
668 937 770 986 parti

98 996 148 1030 27
183 990 271 1044 (71)
341 1005 431 1030 cum
461 994 629 1030 incultos
660 993 933 1042 pervestigans
965 993 1148 1030 rimarem
1179 994 1287 1031 sinus

98 1053 149 1089 28
183 1049 269 1099 (72)
339 1050 497 1099 semper
526 1051 619 1087 satis
650 1063 768 1100 agere
799 1058 840 1087 ut
871 1050 921 1087 ne
942 1051 982 1086 in
1003 1063 1139 1087 amore
1160 1052 1338 1088 animum
1361 1053 1529 1101 occupes

98 1110 150 1145 29
182 1107 268 1155 (73)
340 1108 567 1144 concertare
597 1119 644 1144 ac
676 1107 886 1145 dissentire
916 1108 1059 1156 purtim
1092 1108 1144 1144 da
1174 1120 1326 1144 rursum
1352 1108 1530 1158 aequiter

97 1168 149 1202 30
182 1164 250 1214 (74
267 1163 302 1213 S)
342 1184 371 1201 υ
390 1185 464 1201 -υ
494 1177 633 1201 omnes
666 1164 746 1214 qui,
778 1171 983 1214 tamquam
1015 1176 1099 1209 nos,
1131 1164 1306 1201 serviunt

338 1221 410 1258 sub
441 1220 574 1271 regno,
607 1222 751 1258 callent
782 1222 921 1258 dumiti
951 1221 1162 1270 imperium
1194 1222 1372 1259 metuere

96 1281 148 1316 31
181 1276 250 1326 (76
263 1278 296 1327 s)
999 1279 1150 1315 interea
1181 1279 1255 1316 loci

340 1335 450 1371 flucti
482 1335 732 1380 flaccescunt,
764 1336 949 1372 silescunt
981 1335 1097 1380 venti,
1128 1336 1302 1372 mollitur
1332 1348 1439 1373 mare

95 1394 148 1430 32
180 1390 267 1441 (78)
336 1392 629 1440 propemodum
660 1393 813 1429 animus
844 1392 1069 1429 coniectura
1099 1393 1150 1428 de
1182 1392 1311 1430 errore
1338 1394 1433 1430 eiius
1454 1394 1525 1430 au-

1356 1457 1469 1499 gurat

95 1508 148 1545 33
179 1504 266 1555 (79)
337 1506 468 1554 utque,
499 1512 542 1542 ut
572 1505 802 1554 promeruit,
842 1512 955 1554 pater
994 1506 1089 1541 mihi
1119 1506 1288 1555 patriam
1319 1505 1526 1556 populavit

1336 1576 1468 1600 meam

95 1623 147 1658 34
179 1618 250 1669 (80
261 1621 314 1668 ss)
336 1619 451 1664 cives,
483 1619 633 1668 antiqui
665 1619 782 1656 amici
813 1619 1009 1656 maiorum
1039 1631 1186 1664 meum,

335 1675 544 1713 consilium
579 1677 686 1721 socii,
726 1676 932 1725 augurium
963 1683 1084 1726 atque
1116 1683 1250 1713 extum
1281 1676 1523 1726 interpretes,

335 1733 549 1782 postquum
588 1733 812 1782 prodigium
844 1732 1090 1778 horriferum,
1131 1734 1360 1782 portentum
1399 1747 1523 1783 pavos

93 1793 145 1829 :35
206 1790 273 1840 (83
291 1794 343 1839 ss)
363 1810 393 1827 0
413 1822 437 1826 -
457 1810 486 1827 υ
514 1803 610 1827 nam
640 1791 701 1827 isti
732 1789 799 1839 qui
831 1790 1005 1839 linguam
1036 1790 1167 1827 avium
1198 1790 1428 1840 intellegunt

365 1847 535 1896 plusque
567 1846 614 1883 ex
644 1847 775 1884 alieno
806 1846 936 1884 iecore
967 1848 1125 1896 sapiunt
1156 1860 1275 1896 quarn
1308 1847 1355 1884 ex
1382 1860 1464 1893 suo,

364 1904 487 1953 magis
518 1904 763 1941 audiendum
796 1916 915 1952 quam
946 1904 1250 1941 auscultandum
1282 1904 1426 1942 censeo

95 2063 136 2091 18
151 2060 242 2090 Non.
260 2067 337 2101 450,
354 2069 398 2101 30
471 2070 513 2098 ¹9
528 2061 619 2091 Non.
638 2068 701 2100 322
766 2070 810 2091 20
828 2061 919 2091 Non.
943 2060 1003 2090 116
1044 2057 1120 2101 equo
1139 2058 1244 2091 modo'
1307 2070 1344 2091 21
1368 2061 1460 2091 Non.
1479 2061 1519 2102 85

93 2114 109 2135 2
136 2102 256 2136 ‘dicite’
281 2103 377 2137 ‘date'
401 2106 454 2137 vel
477 2106 587 2137 cretici
605 2105 655 2136 vel
672 2106 775 2136 iambi
845 2115 888 2136 22
913 2106 941 2135 F
944 2111 1003 2136 est.
1023 2112 1086 2146 375
1132 2108 1168 2136 in
1192 2116 1247 2136 om
1267 2107 1344 2136 Vrs.
1363 2111 1396 2137 et
1412 2107 1520 2137 Vatic.

91 2148 270 2183 ‘Oscorum
295 2153 417 2194 lingua
441 2148 600 2182 anulum’
702 2160 746 2188 23
770 2152 861 2182 Non.
880 2158 943 2192 505
1046 2160 1090 2188 24
1115 2152 1206 2182 Non.
1230 2150 1293 2182 160
1340 2163 1467 2194 magna
1492 2158 1522 2183 te

90 2207 120 2226 v.
146 2196 166 2226 l.
216 2197 313 2238 loqui
332 2197 365 2227 ll.
437 2206 480 2234 25
504 2198 595 2228 Fest.
615 2204 680 2236 334
751 2199 795 2227 26
819 2197 909 2227 Non.
928 2195 994 2237 486
1036 2204 1053 2226 2
1072 2200 1192 2238 partis
1209 2207 1239 2226 v.
1260 2196 1292 2234 1.,
1317 2197 1377 2228 sed
1400 2197 1522 2228 lemma

84 2244 190 2282 parti
210 2242 230 2272 i.
249 2247 378 2283 partus
498 2252 540 2279 27
565 2243 657 2273 Non.
685 2241 748 2281 382
799 2245 940 2283 rimare,
972 2244 1140 2273 z'nrz'mare
1163 2253 1193 2272 v.
1220 2242 1258 2273 l.:
1294 2245 1446 2273 rimarer
1469 2243 1522 2274 vel

90 2289 238 2318 inrz'mat
260 2288 403 2318 Vossius
519 2290 563 2318 28
586 2288 678 2318 Non.
703 2294 766 2328 355
815 2293 920 2329 super
954 2293 987 2318 et
1020 2291 1057 2318 in
1082 2299 1178 2318 mare
1203 2288 1285 2318 trad.
1332 2293 1389 2319 sat
1411 2288 1521 2320 Bothe

90 2329 258 2364 edez‘z'm’as‘
321 2342 366 2370 29
381 2333 472 2363 Non.
492 2340 555 2373 512
596 2338 792 2364 concentare
808 2333 915 2364 Ribb.
949 2338 1090 2374 partem
1108 2333 1190 2364 trad.
1203 2344 1209 2363 :
1222 2338 1344 2374 partes
1360 2333 1518 2365 Mueller:

84 2381 189 2419 parti
208 2390 247 2409 ac
270 2378 376 2409 Ribb.
415 2390 556 2410 cursum
581 2378 661 2409 trad.
735 2387 779 2415 3ο
802 2379 893 2409 Non.
916 2378 979 2419 258
1023 2387 1036 2408 I
1068 2376 1219 2420 (κυεην)
1238 2382 1397 2410 serviunt
1413 2379 1519 2410 Ribb.

92 2431 109 2454 2
133 2426 301 2455 domitum
325 2423 426 2454 trad.:
458 2425 636 2455 dominum
663 2424 774 2454 Faber
796 2424 903 2455 Ribb.
946 2427 1088 2465 imperio
1114 2424 1215 2455 trad.:
1243 2427 1388 2465 imperia
1412 2425 1518 2455 Ribb.

89 2477 128 2506 3¹
156 2470 248 2500 Non.
268 2468 332 2509 488
371 2468 582 2510 (Chryses)
628 2478 639 2499 1
671 2471 739 2500 loca
763 2468 796 2500 ll.
839 2478 855 2499 2
872 2470 1078 2511 flacciscunt
1101 2470 1182 2500 trad.
1277 2478 1320 2506 32
1344 2471 1434 2501 Non.
1453 2469 1518 2511 469

87 2519 122 2545 et
144 2517 198 2546 ius
222 2514 304 2545 trad.
380 2523 423 2551 33
447 2515 538 2545 Non.
558 2522 600 2555 39
625 2511 760 2556 ‘populi
780 2526 931 2546 amorem
955 2512 1162 2546 conciliavit’
1234 2523 1277 2552 34
1302 2515 1369 2546 Cic.
1388 2526 1434 2546 or.
1457 2523 1516 2557 155

89 2568 133 2597 35
157 2559 224 2591 Cic.
249 2560 316 2591 div.
339 2568 366 2597 1,
389 2567 446 2600 131
514 2568 531 2600 3
559 2575 601 2586 =
627 2561 718 2592 Non.
747 2559 810 2600 246
879 2569 890 2590 1
921 2564 1009 2598 istos,
1036 2563 1109 2592 istis
1130 2571 1159 2590 v.
1179 2560 1199 2590 l.
1266 2569 1282 2590 2
1308 2572 1345 2592 em
1371 2571 1426 2592 om
1451 2562 1518 2592 duo

90 2613 108 2644 3
133 2602 400 2647 ‘obsequendum'

1274 2664 1312 2703 4*
