1747 2865
530 103 759 127 SATVRARVM
807 102 903 125 LIBRI
928 101 1080 124 INCERTI
1449 106 1522 143 143

93 220 172 255 567
206 212 350 266 (1219)
420 246 444 250 -
463 234 492 251 υ
511 234 539 250 o
569 225 690 250 nemo
727 211 790 248 hic
831 210 1021 247 vindicias
1063 221 1196 258 neque
1230 219 1341 245 sacra
1372 212 1527 244 veretur

93 277 174 312 568
207 270 350 323 (1220)
420 283 597 320 nequam
627 281 766 306 aurum
808 273 876 312 est,
909 267 1012 305 auris
1044 265 1213 315 quodvis
1250 263 1526 301 vehementius

1345 320 1470 358 ambit

93 391 174 426 569
207 384 351 437 (1221)
422 396 598 433 nequam
641 389 679 420 et
721 394 887 432 magnus
928 382 1063 425 homo,
1104 380 1301 417 laniorum
1342 377 1526 414 immanis

1279 447 1396 472 canes
1427 440 1471 471 ut

95 505 144 539 57
151 504 175 539 0
209 498 245 551 (1
257 497 352 549 227)
422 511 529 535 nunc
544 498 597 534 ad
614 503 654 534 te
669 498 803 541 redeo,
820 503 872 541 ut,
892 507 995 544 quae
1006 506 1068 531 res
1080 506 1145 530 me
1156 493 1375 542 impendet,
1392 497 1529 541 agatur

95 562 175 596 571
208 555 335 607 (1228
349 554 402 606 55)
424 567 531 592 1111110
575 566 669 591 vero
715 565 738 590 a
782 553 889 590 mani
935 553 986 589 ad
1031 557 1214 595 noctem,
1260 550 1360 586 festo
1406 555 1528 597 atque

1296 607 1472 655 profesto

422 674 528 706 totus
558 668 652 705 item
683 668 908 716 pariterque
940 666 1004 702 die
1034 665 1286 714 populusque
1316 669 1530 712 patresque

422 726 569 762 iactare
599 725 697 761 indu
727 725 814 761 foro
844 736 887 761 se
919 734 1070 766 omnes,
1101 722 1298 758 decedere
1318 731 1529 769 nusquam,

425 782 493 819 uni
523 794 566 819 se
596 788 717 830 atque
751 782 881 818 eidem
902 780 1034 818 studio
1055 791 1195 816 omnes
1217 778 1365 815 dedere
1388 783 1426 814 et
1448 776 1531 819 arti,

426 840 546 876 verba
577 839 672 876 dare
700 845 742 875 ut
773 844 887 875 caute
917 837 1081 886 possint,
1112 847 1290 884 pugnare
1321 835 1472 878 dolose,
1550 847 1565 874 s

423 896 615 933 blanditia
658 902 819 940 certare,
859 890 1039 931 ‘bonum'
1075 893 1259 930 simulare
1290 887 1444 928 ‘virum'
1476 902 1530 934 se,

424 953 586 990 insidias
617 954 757 997 facere,
789 958 832 988 111
861 952 891 988 51
922 952 1057 988 hostes
1083 950 1161 987 sint
1182 949 1367 986 omnibus
1390 959 1530 985 omnes

98 1016 178 1052 572
211 1010 278 1063 (12
287 1022 308 1060 3
316 1021 337 1060 5
351 1009 407 1061 ss)
430 1023 454 1048 o
475 1010 646 1058 lapathe,
678 1015 720 1046 ut
740 1010 897 1053 iactare,
918 1021 993 1045 nec
1016 1019 1056 1044 es
1078 1007 1170 1044 satis
1189 1006 1349 1054 cognitu
1371 1005 1439 1054 qui
1460 1004 1530 1042 sis!

425 1068 467 1104 in
498 1079 579 1116 quo
611 1067 768 1104 Laelius
799 1066 1004 1109 clamores,
1036 1064 1185 1113 sophos
1216 1063 1289 1107 ille,
1322 1063 1474 1099 solebat

427 1125 557 1169 edere,
590 1123 832 1172 compellans
862 1123 1014 1172 gumias
1046 1134 1095 1158 ex
1126 1121 1265 1158 ordine
1296 1125 1451 1156 nostros

98 1187 179 1223 573
212 1181 339 1233 (1238
352 1180 406 1232 ss)
429 1177 467 1219 ‘o
486 1181 608 1226 Publi,
631 1194 655 1217 o
676 1192 814 1230 gurges
837 1179 1006 1223 Galloni,
1029 1191 1071 1215 es
1092 1178 1216 1215 horno
1243 1172 1373 1214 miser³
1395 1175 1531 1224 inquit.

428 1234 593 1275 ecenasti
613 1238 652 1274 in
669 1238 747 1274 vita
764 1249 987 1285 numquam
1003 1237 1118 1280 bene,
1141 1247 1232 1271 cum
1252 1233 1387 1270 omnia
1403 1233 1443 1269 in
1460 1234 1533 1269 ista

428 1295 627 1332 consumis
648 1295 788 1343 squilla
809 1300 931 1343 atque
951 1304 1197 1341 acupensere
1213 1304 1304 1328 cum
1322 1290 1533 1327 decimano

100 1357 181 1394 574
213 1351 358 1404 (1245)
428 1372 582 1389 -υψ-
602 1352 823 1400 palmisque
854 1350 1046 1387 misellam
1078 1348 1255 1398 depuviit
1285 1360 1349 1384 me

100 1415 180 1450 575
214 1408 358 1460 (1248)
428 1409 594 1458 permixi
624 1409 778 1453 lectum,
809 1407 965 1456 inposui
996 1407 1102 1456 pede
1133 1406 1300 1455 pellibus
1330 1405 1440 1441 labes

100 1472 181 1507 576
215 1466 343 1518 (1250
356 1464 389 1517 s)
431 1466 629 1515 pistricem
660 1461 873 1517 valida(m)‚
905 1465 937 1502 si
967 1464 1120 1501 nummi
1151 1462 1476 1511 suppeditabunt,

429 1524 567 1568 addas,
599 1523 843 1571 empleuron,
875 1521 1126 1570 mamphulas
1160 1532 1264 1569 quae
1285 1519 1383 1556 sciat
1405 1517 1535 1555 omnis

101 1585 180 1620 577
215 1579 283 1631 (12
290 1590 312 1629 5
317 1579 359 1629 3)
429 1581 540 1629 plure
561 1581 667 1617 foras
689 1580 869 1617 vendunt
890 1580 1001 1628 quod
1023 1574 1223 1629 pro(inde)
1245 1577 1399 1613 minore
1422 1571 1535 1627 (erat)

539 1659 542 1661 Δ
1299 1638 1479 1681 emptum

101 1764 167 1800 567
192 1762 282 1793 Fest.
302 1760 370 1802 376
411 1758 476 1792 ‘res
499 1772 552 1792 eas
576 1763 616 1791 de
640 1763 764 1802 quibus
787 1762 1017 1791 controversia
1041 1755 1100 1790 est’
1137 1759 1261 1789 sacra*
1285 1757 1443 1788 Politiani
1461 1766 1538 1797 apo-

100 1806 250 1849 graphon
372 1809 439 1844 568
462 1807 554 1837 Fest.
585 1806 644 1847 165
672 1805 766 1837 Paul.
795 1806 886 1836 Fest.
918 1804 980 1845 164
1026 1806 1157 1835 ambiat
1187 1804 1279 1834 Festi
1309 1813 1437 1843 apogrr.
1471 1801 1539 1832 duo

101 1854 223 1884 Festus
259 1853 341 1883 duas
374 1852 480 1884 sinnii
513 1852 684 1893 Capitonis
721 1851 855 1882 exhibet
890 1850 1192 1892 interpretationes,
1229 1854 1285 1879 aut
1332 1849 1419 1879 auris
1453 1846 1540 1877 laedi

102 1898 263 1930 inaurium
288 1898 447 1940 pondere,
473 1908 547 1928 eum
568 1897 764 1928 mollissima
780 1897 866 1927 auris
885 1906 960 1937 pars
978 1896 1152 1932 incidatur,
1177 1900 1235 1925 aut
1250 1893 1425 1925 hominum
1445 1902 1540 1923 aures

102 1944 173 1975 auri
196 1943 490 1986 pollicitationibus
515 1943 666 1974 resistere
691 1953 758 1973 non
782 1952 881 1983 posse
951 1944 1019 1979 569
1039 1942 1133 1972 Van.
1154 1940 1231 1981 ling.
1252 1946 1282 1979 7,
1300 1947 1340 1979 32
1377 1942 1540 1970 immanes

103 1990 185 2020 trad.
234 1986 348 2021 tcanzs³
430 1998 498 2026 570
522 1989 613 2019 Fest.
636 1987 693 2019 161
779 1997 840 2025 57¹
870 1988 962 2018 Lact.
982 1988 1058 2018 inst.
1080 1994 1110 2027 5,
1129 1995 1158 2026 9,
1178 1994 1221 2016 2ο
1261 1985 1358 2025 (libro
1382 1985 1399 2014 Ι
1425 1983 1541 2014 tribuit

102 2035 130 2065 1.
156 2034 294 2074 Becker)
340 2043 352 2065 1
380 2046 401 2065 a
425 2038 523 2065 mani
546 2034 698 2074 (amant)
726 2033 808 2064 duo:
834 2045 855 2064 α
879 2044 978 2063 mane
1000 2032 1068 2062 rell.
1113 2040 1130 2062 2
1157 2033 1225 2062 dies
1247 2031 1328 2062 boni
1369 2038 1386 2070 3
1403 2032 1492 2072 foro
1508 2039 1541 2060 se

103 2090 206 2111 unus:
228 2082 344 2123 foros,
365 2082 454 2123 foro
484 2084 542 2117 set,
565 2081 696 2122 forum
726 2090 759 2109 se
791 2078 859 2109 rell.
907 2082 1122 2119 opponuntur
1153 2078 1240 2107 inter
1263 2086 1298 2107 se
1323 2077 1429 2116 prisca
1453 2075 1541 2106 vitae

103 2126 310 2157 consuetudo
335 2131 436 2166 atque
459 2125 577 2155 inertia
601 2125 673 2155 aevi
697 2124 860 2155 Luciliani
976 2133 1042 2160 572
1067 2123 1136 2154 Cic.
1162 2123 1220 2153 fin.
1250 2130 1278 2159 2,
1303 2130 1344 2162 24
1387 2120 1541 2159 (libro·V

104 2177 182 2212 post
204 2181 235 2201 v.
264 2179 327 2211 194
358 2171 544 2201 attribuerit
568 2171 637 2209 Ma)
671 2170 817 2210 loquitur
841 2169 1028 2200 Stoicorum
1062 2168 1181 2210 aliquis
1212 2167 1315 2198 veluti
1340 2167 1380 2207 Q.
1407 2165 1542 2196 Mucius

105 2215 276 2252 Scaevola,
292 2216 397 2247 Laelii
414 2226 525 2256 gener,
550 2216 583 2245 in
600 2216 705 2246 soceri
721 2226 749 2245 a.
772 2223 834 2254 129
851 2215 999 2245 defuncti
1015 2214 1176 2245 honorem
1226 2222 1237 2243 1
1267 2218 1326 2243 ut:
1351 2217 1384 2242 et
1406 2211 1540 2251 Erlang.

105 2259 267 2292 ‘iactaris’
293 2264 370 2303 quis
393 2261 462 2292 Erl.
513 2269 530 2291 2
554 2263 694 2303 cognitu
720 2262 840 2292 laelius
864 2261 960 2291 codd.
1009 2268 1027 2300 3
1049 2262 1189 2301 gulfilas
1214 2259 1294 2289 Vat.
1320 2257 1389 2288 Erl.
1475 2265 1542 2294 573

107 2307 176 2338 Cic.
201 2307 260 2337 sin.
286 2315 316 2344 2,
341 2315 383 2346 24
407 2307 449 2338 cf.
473 2305 574 2337 schol.
603 2307 687 2336 Hor.
712 2312 771 2337 sat.
801 2314 831 2342 2,
857 2314 887 2343 2,
914 2313 954 2346 47
1001 2305 1194 2346 ponendum
1219 2304 1352 2335 videtur
1376 2303 1396 2333 l.
1414 2303 1448 2333 V
1466 2307 1542 2342 post

106 2363 137 2383 v.
159 2361 222 2393 194
266 2361 278 2382 1
307 2354 427 2383 mzirerz‘
446 2357 577 2392 praeter
593 2362 696 2382 unum
717 2357 746 2391 (0
764 2354 856 2390 0011.)
875 2361 991 2382 omnes
1035 2359 1051 2381 2
1075 2353 1218 2382 cenastz’s
1235 2350 1267 2380 ll.
1293 2354 1424 2390 praeter
1438 2357 1542 2378 unum

108 2401 171 2430 isto
194 2408 280 2428 unus
320 2405 338 2437 3
365 2400 528 2428 accubans
554 2397 662 2437 fiant)
688 2409 764 2428 aere
785 2397 817 2427 ll.
858 2399 1035 2428 decz'macz'o
1060 2397 1127 2427 duo
1186 2405 1253 2432 574
1277 2394 1370 2425 Paul.
1390 2395 1481 2424 Fest.
1501 2399 1542 2431 70

106 2445 250 2485 depavit
265 2454 295 2474 v.
313 2443 352 2474 L:
371 2439 509 2474 ‘cecidit’
567 2452 633 2480 575
650 2442 774 2483 Porph.
794 2443 878 2474 Hor.
896 2448 957 2473 sat.
980 2451 1007 2479 1,
1025 2441 1055 2479 6,
1079 2450 1118 2472 22
1146 2442 1304 2482 permilzz'
1319 2440 1350 2470 ll.
1371 2441 1491 2481 pedem
1508 2438 1540 2469 11.

107 2491 205 2520 habes
230 2489 280 2519 ll.:
308 2490 415 2520 labem
438 2489 466 2520 Ι.
492 2489 609 2518 Dousa
716 2491 784 2525 576
807 2488 899 2519 Fest.
922 2496 981 2528 142
1008 2488 1049 2519 cf.
1067 2488 1163 2517 Varr.
1182 2486 1258 2527 ling.
1279 2493 1308 2526 5,
1330 2485 1391 2524 138
1441 2492 1458 2514 2
1487 2481 1542 2527 ’έμ-

108 2532 254 2579 πλευρον
279 2535 343 2565 adi.
385 2531 496 2575 ‘panis
513 2536 655 2575 Sym'm‘
670 2545 790 2575 genus,
816 2536 915 2575 quod,
941 2538 983 2564 ut
997 2536 1049 2564 ait
1073 2534 1223 2569 Verrius,
1250 2534 1286 2562 in
1303 2533 1433 2562 clzbano
1450 2534 1542 2561 ante-

109 2591 214 2622 quam
225 2584 462 2622 percoquatur
477 2581 600 2610 decidit
616 2582 651 2609 z‘n
670 2581 827 2610 carbones
842 2575 1063 2620 cineremque?
1127 2587 1193 2615 577
1210 2577 1309 2609 Char.
1328 2577 1389 2608 GL
1406 2576 1423 2606 I
1442 2574 1453 2593 ¹
1468 2584 1541 2616 109.

110 2623 193 2656 ²211
231 2627 344 2667 plura
357 2627 464 2668 foras
488 2627 586 2656 venti
600 2623 721 2656 Char.1
