<?xml version="1.0" encoding="UTF-8"?>
<!DOCTYPE html PUBLIC "-//W3C//DTD XHTML 1.0 Transitional//EN"
    "http://www.w3.org/TR/xhtml1/DTD/xhtml1-transitional.dtd">
<html xmlns="http://www.w3.org/1999/xhtml" xml:lang="en" lang="en">
 <head>
  <title>
</title>
<meta http-equiv="Content-Type" content="text/html;charset=utf-8" />
  <meta name='ocr-system' content='tesseract 3.04.00' />
  <meta name='ocr-capabilities' content='ocr_page ocr_carea ocr_par ocr_line ocrx_word'/>
</head>
<body>
  <div class='ocr_page' id='page_1' title='image "./poetarumromanoru00diehuoft_0015.png"; bbox 0 0 1747 2865; ppageno 0'>
   <div class='ocr_carea' id='block_1_1' title="bbox 658 89 1550 118">
    <p class='ocr_par' dir='ltr' id='par_1_1' title="bbox 658 89 1550 118">
     <span class='ocr_line' id='line_1_1' title="bbox 658 89 1550 118; baseline -0.002 -6"><span class='ocrx_word' id='word_1_1' title='bbox 658 89 806 113; x_wconf 85' lang='lat' dir='ltr'>BELLVM</span> <span class='ocrx_word' id='word_1_2' title='bbox 829 89 1021 112; x_wconf 86' lang='lat' dir='ltr'>POENICVM</span> <span class='ocrx_word' id='word_1_3' title='bbox 1508 93 1522 118; x_wconf 86' lang='lat'>1</span> <span class='ocrx_word' id='word_1_4' title='bbox 1537 93 1550 117; x_wconf 91' lang='lat'>1</span> 
     </span>
    </p>
   </div>
   <div class='ocr_carea' id='block_1_2' title="bbox 125 197 1560 1329">
    <p class='ocr_par' dir='ltr' id='par_1_2' title="bbox 125 197 1432 418">
     <span class='ocr_line' id='line_1_2' title="bbox 125 197 1215 249; baseline -0.006 -10"><span class='ocrx_word' id='word_1_5' title='bbox 125 202 179 239; x_wconf 77' lang='lat'>23</span> <span class='ocrx_word' id='word_1_6' title='bbox 212 197 298 249; x_wconf 80' lang='lat'>(38)</span> <span class='ocrx_word' id='word_1_7' title='bbox 329 199 389 236; x_wconf 89' lang='lat' dir='ltr'>sin</span> <span class='ocrx_word' id='word_1_8' title='bbox 419 198 506 235; x_wconf 91' lang='lat' dir='ltr'>illos</span> <span class='ocrx_word' id='word_1_9' title='bbox 537 199 724 235; x_wconf 82' lang='lat' dir='ltr'>deserant</span> <span class='ocrx_word' id='word_1_10' title='bbox 838 197 1071 235; x_wconf 87' lang='lat' dir='ltr'>fortissimos</span> <span class='ocrx_word' id='word_1_11' title='bbox 1103 197 1215 241; x_wconf 87' lang='lat' dir='ltr'>viros,</span> 
     </span>
     <span class='ocr_line' id='line_1_3' title="bbox 330 253 1368 305; baseline -0.003 -13"><span class='ocrx_word' id='word_1_12' title='bbox 330 267 519 305; x_wconf 87' lang='lat' dir='ltr'>magnum</span> <span class='ocrx_word' id='word_1_13' title='bbox 549 261 730 304; x_wconf 86' lang='lat' dir='ltr'>stuprum</span> <span class='ocrx_word' id='word_1_14' title='bbox 761 254 911 304; x_wconf 89' lang='lat' dir='ltr'>populo</span> <span class='ocrx_word' id='word_1_15' title='bbox 1028 254 1111 291; x_wconf 85' lang='lat' dir='ltr'>fieri</span> <span class='ocrx_word' id='word_1_16' title='bbox 1142 266 1213 302; x_wconf 90' lang='lat' dir='ltr'>per</span> <span class='ocrx_word' id='word_1_17' title='bbox 1241 253 1368 302; x_wconf 84' lang='lat' dir='ltr'>gentis</span> 
     </span>
     <span class='ocr_line' id='line_1_4' title="bbox 128 311 1236 363; baseline -0.005 -11"><span class='ocrx_word' id='word_1_18' title='bbox 128 316 182 352; x_wconf 87' lang='grc'>24</span> <span class='ocrx_word' id='word_1_19' title='bbox 215 311 302 363; x_wconf 80' lang='grc'>(39)</span> <span class='ocrx_word' id='word_1_20' title='bbox 333 324 501 362; x_wconf 86' lang='lat' dir='ltr'>seseque</span> <span class='ocrx_word' id='word_1_21' title='bbox 531 313 567 348; x_wconf 90' lang='lat' dir='ltr'>ei</span> <span class='ocrx_word' id='word_1_22' title='bbox 598 312 725 361; x_wconf 88' lang='lat' dir='ltr'>perire</span> <span class='ocrx_word' id='word_1_23' title='bbox 841 312 1047 348; x_wconf 78' lang='lat' dir='ltr'>mavolunt</span> <span class='ocrx_word' id='word_1_24' title='bbox 1077 311 1236 355; x_wconf 85' lang='lat' dir='ltr'>ibidem,</span> 
     </span>
     <span class='ocr_line' id='line_1_5' title="bbox 330 367 1432 418; baseline -0.003 -12"><span class='ocrx_word' id='word_1_25' title='bbox 330 381 452 418; x_wconf 88' lang='lat' dir='ltr'>quarn</span> <span class='ocrx_word' id='word_1_26' title='bbox 482 381 573 406; x_wconf 88' lang='lat' dir='ltr'>cum</span> <span class='ocrx_word' id='word_1_27' title='bbox 604 374 740 417; x_wconf 90' lang='lat' dir='ltr'>stupro</span> <span class='ocrx_word' id='word_1_28' title='bbox 772 368 899 405; x_wconf 88' lang='lat' dir='ltr'>redire</span> <span class='ocrx_word' id='word_1_29' title='bbox 1013 369 1066 404; x_wconf 93' lang='lat' dir='ltr'>ad</span> <span class='ocrx_word' id='word_1_30' title='bbox 1097 379 1189 405; x_wconf 88' lang='lat' dir='ltr'>suos</span> <span class='ocrx_word' id='word_1_31' title='bbox 1220 367 1432 416; x_wconf 82' lang='lat' dir='ltr'>populares</span> 
     </span>
    </p>

    <p class='ocr_par' dir='ltr' id='par_1_3' title="bbox 126 424 1393 476">
     <span class='ocr_line' id='line_1_6' title="bbox 126 424 1393 476; baseline -0.005 -11"><span class='ocrx_word' id='word_1_32' title='bbox 126 430 179 466; x_wconf 76' lang='lat'>25</span> <span class='ocrx_word' id='word_1_33' title='bbox 213 425 299 476; x_wconf 78' lang='grc'>(40)</span> <span class='ocrx_word' id='word_1_34' title='bbox 331 427 458 463; x_wconf 89' lang='lat' dir='ltr'>virum</span> <span class='ocrx_word' id='word_1_35' title='bbox 487 431 647 474; x_wconf 89' lang='lat' dir='ltr'>praetor</span> <span class='ocrx_word' id='word_1_36' title='bbox 676 425 848 470; x_wconf 87' lang='lat' dir='ltr'>advenit,</span> <span class='ocrx_word' id='word_1_37' title='bbox 965 425 1144 473; x_wconf 89' lang='lat' dir='ltr'>auspicat</span> <span class='ocrx_word' id='word_1_38' title='bbox 1173 424 1393 473; x_wconf 82' lang='lat' dir='ltr'>auspicium</span> 
     </span>
    </p>

    <p class='ocr_par' dir='ltr' id='par_1_4' title="bbox 127 485 1560 987">
     <span class='ocr_line' id='line_1_7' title="bbox 199 485 565 532; baseline -0.005 -12"><span class='ocrx_word' id='word_1_39' title='bbox 199 485 207 488; x_wconf 82' lang='grc'><strong>’</strong></span> <span class='ocrx_word' id='word_1_40' title='bbox 329 495 565 532; x_wconf 91' lang='lat' dir='ltr'>prosperum</span> 
     </span>
     <span class='ocr_line' id='line_1_8' title="bbox 127 538 1402 590; baseline -0.003 -12"><span class='ocrx_word' id='word_1_41' title='bbox 127 544 180 579; x_wconf 82' lang='grc'>26</span> <span class='ocrx_word' id='word_1_42' title='bbox 214 538 300 590; x_wconf 87' lang='grc'>(41)</span> <span class='ocrx_word' id='word_1_43' title='bbox 331 540 447 577; x_wconf 89' lang='lat' dir='ltr'>simul</span> <span class='ocrx_word' id='word_1_44' title='bbox 478 539 626 576; x_wconf 88' lang='lat' dir='ltr'>atrocia</span> <span class='ocrx_word' id='word_1_45' title='bbox 656 539 880 588; x_wconf 84' lang='lat' dir='ltr'>proicerent</span> <span class='ocrx_word' id='word_1_46' title='bbox 996 544 1087 575; x_wconf 85' lang='lat' dir='ltr'>exta</span> <span class='ocrx_word' id='word_1_47' title='bbox 1117 538 1402 575; x_wconf 86' lang='lat' dir='ltr'>ministratores</span> 
     </span>
     <span class='ocr_line' id='line_1_9' title="bbox 127 591 1256 647; baseline -0.004 -12"><span class='ocrx_word' id='word_1_48' title='bbox 127 601 178 636; x_wconf 80' lang='grc'>27</span> <span class='ocrx_word' id='word_1_49' title='bbox 213 595 300 647; x_wconf 86' lang='grc'>(42)</span> <span class='ocrx_word' id='word_1_50' title='bbox 332 608 434 647; x_wconf 12' lang='lat' dir='ltr'>eam*</span> <span class='ocrx_word' id='word_1_51' title='bbox 453 608 613 633; x_wconf 88' lang='lat' dir='ltr'>carnem</span> <span class='ocrx_word' id='word_1_52' title='bbox 644 596 855 633; x_wconf 88' lang='lat' dir='ltr'>victoribus</span> <span class='ocrx_word' id='word_1_53' title='bbox 972 597 1126 632; x_wconf 87' lang='lat' dir='ltr'>danunt</span> <span class='ocrx_word' id='word_1_54' title='bbox 1157 591 1179 646; x_wconf 83' lang='lat'>&lt;.</span> <span class='ocrx_word' id='word_1_55' title='bbox 1203 625 1209 631; x_wconf 92' lang='lat'><em>.</em></span> <span class='ocrx_word' id='word_1_56' title='bbox 1234 592 1256 647; x_wconf 88' lang='lat'>.)</span> 
     </span>
     <span class='ocr_line' id='line_1_10' title="bbox 127 649 1129 704; baseline 0.001 -15"><span class='ocrx_word' id='word_1_57' title='bbox 127 657 180 694; x_wconf 80' lang='grc'>28</span> <span class='ocrx_word' id='word_1_58' title='bbox 213 652 300 704; x_wconf 80' lang='grc'>(43)</span> <span class='ocrx_word' id='word_1_59' title='bbox 332 653 544 690; x_wconf 88' lang='lat' dir='ltr'>vicissatim</span> <span class='ocrx_word' id='word_1_60' title='bbox 575 653 679 690; x_wconf 86' lang='lat' dir='ltr'>volvi</span> <span class='ocrx_word' id='word_1_61' title='bbox 795 653 999 689; x_wconf 88' lang='lat' dir='ltr'>victoriam</span> <span class='ocrx_word' id='word_1_62' title='bbox 1030 649 1052 703; x_wconf 82' lang='lat'>&lt;.</span> <span class='ocrx_word' id='word_1_63' title='bbox 1076 682 1082 689; x_wconf 92' lang='lat'>.</span> <span class='ocrx_word' id='word_1_64' title='bbox 1107 649 1129 704; x_wconf 86' lang='lat'>.)</span> 
     </span>
     <span class='ocr_line' id='line_1_11' title="bbox 127 709 1335 761; baseline -0.001 -15"><span class='ocrx_word' id='word_1_65' title='bbox 127 715 180 750; x_wconf 73' lang='lat'>29</span> <span class='ocrx_word' id='word_1_66' title='bbox 213 709 300 761; x_wconf 91' lang='grc'>(44)</span> <span class='ocrx_word' id='word_1_67' title='bbox 331 710 545 759; x_wconf 89' lang='lat' dir='ltr'>septimum</span> <span class='ocrx_word' id='word_1_68' title='bbox 577 710 776 746; x_wconf 90' lang='lat' dir='ltr'>decimum</span> <span class='ocrx_word' id='word_1_69' title='bbox 807 722 958 746; x_wconf 87' lang='lat' dir='ltr'>annum</span> <span class='ocrx_word' id='word_1_70' title='bbox 1074 709 1162 746; x_wconf 89' lang='lat' dir='ltr'>ilico</span> <span class='ocrx_word' id='word_1_71' title='bbox 1194 709 1335 745; x_wconf 82' lang='lat' dir='ltr'>sedent</span> 
     </span>
     <span class='ocr_line' id='line_1_12' title="bbox 128 765 1276 817; baseline -0.003 -12"><span class='ocrx_word' id='word_1_72' title='bbox 128 772 181 808; x_wconf 82' lang='lat'>30</span> <span class='ocrx_word' id='word_1_73' title='bbox 213 765 300 817; x_wconf 82' lang='grc'>(45)</span> <span class='ocrx_word' id='word_1_74' title='bbox 331 773 468 804; x_wconf 89' lang='lat' dir='ltr'>censet</span> <span class='ocrx_word' id='word_1_75' title='bbox 499 779 547 803; x_wconf 92' lang='lat' dir='ltr'>eo</span> <span class='ocrx_word' id='word_1_76' title='bbox 578 772 787 803; x_wconf 87' lang='lat' dir='ltr'>venturum</span> <span class='ocrx_word' id='word_1_77' title='bbox 904 767 1063 803; x_wconf 90' lang='lat' dir='ltr'>obviam</span> <span class='ocrx_word' id='word_1_78' title='bbox 1095 766 1276 802; x_wconf 86' lang='lat' dir='ltr'>Poenum</span> 
     </span>
     <span class='ocr_line' id='line_1_13' title="bbox 127 822 1331 874; baseline -0.004 -10"><span class='ocrx_word' id='word_1_79' title='bbox 127 828 180 864; x_wconf 80' lang='lat'>31</span> <span class='ocrx_word' id='word_1_80' title='bbox 214 822 299 874; x_wconf 84' lang='grc'>(46)</span> <span class='ocrx_word' id='word_1_81' title='bbox 331 824 551 872; x_wconf 88' lang='lat' dir='ltr'>superbiter</span> <span class='ocrx_word' id='word_1_82' title='bbox 581 823 841 872; x_wconf 85' lang='lat' dir='ltr'>contemptim</span> <span class='ocrx_word' id='word_1_83' title='bbox 958 823 1126 860; x_wconf 83' lang='lat' dir='ltr'>conterit</span> <span class='ocrx_word' id='word_1_84' title='bbox 1155 823 1331 872; x_wconf 82' lang='lat' dir='ltr'>legiones</span> 
     </span>
     <span class='ocr_line' id='line_1_14' title="bbox 127 879 1560 931; baseline -0.003 -13"><span class='ocrx_word' id='word_1_85' title='bbox 127 885 180 921; x_wconf 79' lang='lat'>32</span> <span class='ocrx_word' id='word_1_86' title='bbox 213 879 299 931; x_wconf 84' lang='lat'>(47)</span> <span class='ocrx_word' id='word_1_87' title='bbox 331 881 518 918; x_wconf 88' lang='lat' dir='ltr'>convenit</span> <span class='ocrx_word' id='word_1_88' title='bbox 557 893 723 929; x_wconf 85' lang='lat' dir='ltr'>regnum</span> <span class='ocrx_word' id='word_1_89' title='bbox 764 880 879 917; x_wconf 91' lang='lat' dir='ltr'>simul</span> <span class='ocrx_word' id='word_1_90' title='bbox 996 886 1116 928; x_wconf 90' lang='lat' dir='ltr'>atque</span> <span class='ocrx_word' id='word_1_91' title='bbox 1152 880 1262 916; x_wconf 92' lang='lat' dir='ltr'>locos</span> <span class='ocrx_word' id='word_1_92' title='bbox 1293 885 1336 915; x_wconf 91' lang='lat' dir='ltr'>ut</span> <span class='ocrx_word' id='word_1_93' title='bbox 1365 879 1560 915; x_wconf 84' lang='lat' dir='ltr'>haberent</span> 
     </span>
     <span class='ocr_line' id='line_1_15' title="bbox 128 935 1560 987; baseline -0.003 -13"><span class='ocrx_word' id='word_1_94' title='bbox 128 941 182 978; x_wconf 83' lang='lat'>33</span> <span class='ocrx_word' id='word_1_95' title='bbox 214 936 298 987; x_wconf 83' lang='lat'>(48)</span> <span class='ocrx_word' id='word_1_96' title='bbox 329 937 370 974; x_wconf 93' lang='lat' dir='ltr'>id</span> <span class='ocrx_word' id='word_1_97' title='bbox 401 949 564 986; x_wconf 90' lang='lat' dir='ltr'>quoque</span> <span class='ocrx_word' id='word_1_98' title='bbox 595 937 810 986; x_wconf 88' lang='lat' dir='ltr'>paciscunt,</span> <span class='ocrx_word' id='word_1_99' title='bbox 923 937 1081 974; x_wconf 88' lang='lat' dir='ltr'>moenia</span> <span class='ocrx_word' id='word_1_100' title='bbox 1112 937 1188 973; x_wconf 88' lang='lat' dir='ltr'>sint</span> <span class='ocrx_word' id='word_1_101' title='bbox 1220 948 1324 985; x_wconf 92' lang='lat' dir='ltr'>quae</span> <span class='ocrx_word' id='word_1_102' title='bbox 1346 935 1560 979; x_wconf 81' lang='lat' dir='ltr'>Lutatium,</span> 
     </span>
    </p>

    <p class='ocr_par' dir='ltr' id='par_1_5' title="bbox 330 990 1232 1044">
     <span class='ocr_line' id='line_1_16' title="bbox 330 990 1232 1044; baseline -0.001 -14"><span class='ocrx_word' id='word_1_103' title='bbox 330 994 587 1032; x_wconf 85' lang='lat' dir='ltr'>reconciliant</span> <span class='ocrx_word' id='word_1_104' title='bbox 617 994 796 1042; x_wconf 86' lang='lat' dir='ltr'>captivos</span> <span class='ocrx_word' id='word_1_105' title='bbox 911 994 1102 1043; x_wconf 91' lang='lat' dir='ltr'>plurimos</span> <span class='ocrx_word' id='word_1_106' title='bbox 1134 990 1156 1044; x_wconf 83' lang='lat'>&lt;.</span> <span class='ocrx_word' id='word_1_107' title='bbox 1180 1023 1186 1029; x_wconf 94' lang='lat'>.</span> <span class='ocrx_word' id='word_1_108' title='bbox 1210 990 1232 1044; x_wconf 86' lang='lat'>)</span> 
     </span>
    </p>

    <p class='ocr_par' dir='ltr' id='par_1_6' title="bbox 214 1051 1560 1329">
     <span class='ocr_line' id='line_1_17' title="bbox 331 1051 1308 1100; baseline -0.002 -12"><span class='ocrx_word' id='word_1_109' title='bbox 331 1051 553 1088; x_wconf 87' lang='lat' dir='ltr'>Sicilienses</span> <span class='ocrx_word' id='word_1_110' title='bbox 583 1051 755 1100; x_wconf 88' lang='lat' dir='ltr'>paciscit,</span> <span class='ocrx_word' id='word_1_111' title='bbox 873 1051 1033 1088; x_wconf 85' lang='lat' dir='ltr'>obsides</span> <span class='ocrx_word' id='word_1_112' title='bbox 1064 1057 1105 1087; x_wconf 90' lang='lat' dir='ltr'>ut</span> <span class='ocrx_word' id='word_1_113' title='bbox 1136 1051 1308 1086; x_wconf 86' lang='lat' dir='ltr'>reddant</span> 
     </span>
     <span class='ocr_line' id='line_1_18' title="bbox 156 1105 1377 1160; baseline -0.003 -14.85"><span class='ocrx_word' id='word_1_114' title='bbox 156 1107 226 1158; x_wconf 95' lang='lat'>4(</span> <span class='ocrx_word' id='word_1_115' title='bbox 260 1106 300 1158; x_wconf 81' lang='grc'>9)</span> <span class='ocrx_word' id='word_1_116' title='bbox 335 1105 493 1160; x_wconf 86' lang='lat' dir='ltr'>(topper</span> <span class='ocrx_word' id='word_1_117' title='bbox 523 1106 645 1160; x_wconf 87' lang='lat' dir='ltr'>s)aevi</span> <span class='ocrx_word' id='word_1_118' title='bbox 676 1114 857 1156; x_wconf 89' lang='lat' dir='ltr'>capesset</span> <span class='ocrx_word' id='word_1_119' title='bbox 972 1108 1176 1144; x_wconf 85' lang='lat' dir='ltr'>flammam</span> <span class='ocrx_word' id='word_1_120' title='bbox 1208 1106 1377 1143; x_wconf 88' lang='lat' dir='ltr'>Volcani</span> 
     </span>
     <span class='ocr_line' id='line_1_19' title="bbox 157 1163 1482 1215; baseline -0.002 -13.91"><span class='ocrx_word' id='word_1_121' title='bbox 157 1164 251 1215; x_wconf 59' lang='grc' dir='ltr'>ἔμ’(</span> <span class='ocrx_word' id='word_1_122' title='bbox 258 1163 301 1215; x_wconf 90' lang='grc' dir='ltr'>Ο)</span> <span class='ocrx_word' id='word_1_123' title='bbox 333 1177 521 1214; x_wconf 85' lang='lat' dir='ltr'>magnam</span> <span class='ocrx_word' id='word_1_124' title='bbox 552 1166 719 1201; x_wconf 88' lang='lat' dir='ltr'>domum</span> <span class='ocrx_word' id='word_1_125' title='bbox 751 1166 1020 1214; x_wconf 90' lang='lat' dir='ltr'>decoremque</span> <span class='ocrx_word' id='word_1_126' title='bbox 1137 1165 1260 1200; x_wconf 90' lang='lat' dir='ltr'>ditem</span> <span class='ocrx_word' id='word_1_127' title='bbox 1291 1169 1482 1200; x_wconf 83' lang='lat' dir='ltr'>vexerant</span> 
     </span>
     <span class='ocr_line' id='line_1_20' title="bbox 157 1220 1259 1272; baseline -0.002 -12.891"><span class='ocrx_word' id='word_1_128' title='bbox 157 1220 253 1272; x_wconf 82' lang='grc'>65(</span> <span class='ocrx_word' id='word_1_129' title='bbox 266 1220 301 1272; x_wconf 94' lang='lat'>1)</span> <span class='ocrx_word' id='word_1_130' title='bbox 334 1222 540 1259; x_wconf 90' lang='lat' dir='ltr'>onerariae</span> <span class='ocrx_word' id='word_1_131' title='bbox 571 1228 740 1259; x_wconf 88' lang='lat' dir='ltr'>onustae</span> <span class='ocrx_word' id='word_1_132' title='bbox 857 1222 1015 1258; x_wconf 86' lang='lat' dir='ltr'>stabant</span> <span class='ocrx_word' id='word_1_133' title='bbox 1046 1222 1085 1257; x_wconf 87' lang='lat' dir='ltr'>in</span> <span class='ocrx_word' id='word_1_134' title='bbox 1116 1221 1259 1257; x_wconf 84' lang='lat' dir='ltr'>flustris</span> 
     </span>
     <span class='ocr_line' id='line_1_21' title="bbox 214 1276 1560 1329; baseline -0.003 -13"><span class='ocrx_word' id='word_1_135' title='bbox 214 1277 301 1329; x_wconf 92' lang='grc'>(52)</span> <span class='ocrx_word' id='word_1_136' title='bbox 332 1279 511 1328; x_wconf 88' lang='lat' dir='ltr'>plerique</span> <span class='ocrx_word' id='word_1_137' title='bbox 553 1290 693 1316; x_wconf 90' lang='lat' dir='ltr'>omnes</span> <span class='ocrx_word' id='word_1_138' title='bbox 736 1279 970 1328; x_wconf 85' lang='lat' dir='ltr'>subiguntur</span> <span class='ocrx_word' id='word_1_139' title='bbox 1113 1279 1186 1315; x_wconf 87' lang='lat' dir='ltr'>sub</span> <span class='ocrx_word' id='word_1_140' title='bbox 1217 1290 1342 1314; x_wconf 89' lang='lat' dir='ltr'>unum</span> <span class='ocrx_word' id='word_1_141' title='bbox 1372 1276 1560 1313; x_wconf 91' lang='lat' dir='ltr'>iudicium</span> 
     </span>
    </p>
   </div>
   <div class='ocr_carea' id='block_1_3' title="bbox 230 1119 254 1270">
    <p class='ocr_par' dir='ltr' id='par_1_7' title="bbox 230 1119 254 1270">
     <span class='ocr_line' id='line_1_22' title="bbox 230 1119 254 1270; textangle 90"><span class='ocrx_word' id='word_1_142' title='bbox 230 1119 254 1270; x_wconf 55' lang='lat' dir='ltr'>(nen-l&gt;—</span> 
     </span>
    </p>
   </div>
   <div class='ocr_carea' id='block_1_4' title="bbox 127 1334 1375 1556">
    <p class='ocr_par' dir='ltr' id='par_1_8' title="bbox 128 1334 1269 1386">
     <span class='ocr_line' id='line_1_23' title="bbox 128 1334 1269 1386; baseline -0.004 -11"><span class='ocrx_word' id='word_1_143' title='bbox 128 1339 181 1375; x_wconf 80' lang='lat'>38</span> <span class='ocrx_word' id='word_1_144' title='bbox 214 1334 301 1386; x_wconf 82' lang='lat'>(53)</span> <span class='ocrx_word' id='word_1_145' title='bbox 334 1336 445 1385; x_wconf 92' lang='lat' dir='ltr'>quod</span> <span class='ocrx_word' id='word_1_146' title='bbox 475 1336 578 1372; x_wconf 87' lang='lat' dir='ltr'>bruti</span> <span class='ocrx_word' id='word_1_147' title='bbox 608 1348 683 1372; x_wconf 90' lang='lat' dir='ltr'>nec</span> <span class='ocrx_word' id='word_1_148' title='bbox 714 1336 806 1373; x_wconf 90' lang='lat' dir='ltr'>satis</span> <span class='ocrx_word' id='word_1_149' title='bbox 925 1336 1085 1372; x_wconf 88' lang='lat' dir='ltr'>sardare</span> <span class='ocrx_word' id='word_1_150' title='bbox 1117 1341 1269 1384; x_wconf 86' lang='lat' dir='ltr'>queunt</span> 
     </span>
    </p>

    <p class='ocr_par' dir='ltr' id='par_1_9' title="bbox 127 1388 1209 1443">
     <span class='ocr_line' id='line_1_24' title="bbox 127 1388 1209 1443; baseline -0.004 -11"><span class='ocrx_word' id='word_1_151' title='bbox 127 1396 182 1432; x_wconf 78' lang='lat'>39</span> <span class='ocrx_word' id='word_1_152' title='bbox 215 1391 302 1443; x_wconf 89' lang='grc'>(54)</span> <span class='ocrx_word' id='word_1_153' title='bbox 333 1393 460 1429; x_wconf 82' lang='lat' dir='ltr'>fames</span> <span class='ocrx_word' id='word_1_154' title='bbox 490 1405 582 1430; x_wconf 87' lang='lat' dir='ltr'>acer</span> <span class='ocrx_word' id='word_1_155' title='bbox 610 1393 785 1442; x_wconf 83' lang='lat' dir='ltr'>augescit</span> <span class='ocrx_word' id='word_1_156' title='bbox 900 1392 1079 1429; x_wconf 86' lang='lat' dir='ltr'>hostibus</span> <span class='ocrx_word' id='word_1_157' title='bbox 1112 1389 1133 1443; x_wconf 82' lang='lat'>(.</span> <span class='ocrx_word' id='word_1_158' title='bbox 1157 1422 1163 1428; x_wconf 93' lang='lat'>.</span> <span class='ocrx_word' id='word_1_159' title='bbox 1187 1388 1209 1443; x_wconf 91' lang='grc'>.)</span> 
     </span>
    </p>

    <p class='ocr_par' dir='ltr' id='par_1_10' title="bbox 128 1445 1375 1556">
     <span class='ocr_line' id='line_1_25' title="bbox 128 1445 1375 1500; baseline -0.003 -12"><span class='ocrx_word' id='word_1_160' title='bbox 128 1453 182 1488; x_wconf 83' lang='grc'>40</span> <span class='ocrx_word' id='word_1_161' title='bbox 215 1448 301 1500; x_wconf 91' lang='grc'>(56)</span> <span class='ocrx_word' id='word_1_162' title='bbox 333 1450 447 1486; x_wconf 89' lang='lat' dir='ltr'>simul</span> <span class='ocrx_word' id='word_1_163' title='bbox 477 1450 574 1486; x_wconf 90' lang='lat' dir='ltr'>alius</span> <span class='ocrx_word' id='word_1_164' title='bbox 605 1450 766 1486; x_wconf 88' lang='lat' dir='ltr'>aliunde</span> <span class='ocrx_word' id='word_1_165' title='bbox 883 1449 1073 1486; x_wconf 88' lang='lat' dir='ltr'>rumitant</span> <span class='ocrx_word' id='word_1_166' title='bbox 1102 1448 1205 1485; x_wconf 86' lang='lat' dir='ltr'>inter</span> <span class='ocrx_word' id='word_1_167' title='bbox 1235 1445 1375 1499; x_wconf 63' lang='lat' dir='ltr'>seffse]</span> 
     </span>
     <span class='ocr_line' id='line_1_26' title="bbox 160 1504 1359 1556; baseline -0.003 -12"><span class='ocrx_word' id='word_1_168' title='bbox 160 1512 181 1545; x_wconf 95' lang='lat'>1</span> <span class='ocrx_word' id='word_1_169' title='bbox 215 1504 301 1556; x_wconf 90' lang='grc'>(57)</span> <span class='ocrx_word' id='word_1_170' title='bbox 333 1518 502 1556; x_wconf 89' lang='lat' dir='ltr'>magnae</span> <span class='ocrx_word' id='word_1_171' title='bbox 533 1512 661 1544; x_wconf 87' lang='lat' dir='ltr'>metus</span> <span class='ocrx_word' id='word_1_172' title='bbox 691 1507 882 1543; x_wconf 89' lang='lat' dir='ltr'>tumultus</span> <span class='ocrx_word' id='word_1_173' title='bbox 998 1512 1161 1555; x_wconf 84' lang='lat' dir='ltr'>pectora</span> <span class='ocrx_word' id='word_1_174' title='bbox 1191 1505 1359 1554; x_wconf 89' lang='lat' dir='ltr'>possidit</span> 
     </span>
    </p>
   </div>
   <div class='ocr_carea' id='block_1_5' title="bbox 131 1640 1338 1692">
    <p class='ocr_par' dir='ltr' id='par_1_11' title="bbox 131 1640 1338 1692">
     <span class='ocr_line' id='line_1_27' title="bbox 131 1640 1338 1692; baseline -0.002 -12"><span class='ocrx_word' id='word_1_175' title='bbox 131 1645 185 1681; x_wconf 88' lang='grc'>42</span> <span class='ocrx_word' id='word_1_176' title='bbox 219 1640 305 1692; x_wconf 89' lang='grc'>(60)</span> <span class='ocrx_word' id='word_1_177' title='bbox 338 1642 527 1692; x_wconf 87' lang='lat' dir='ltr'>quianam</span> <span class='ocrx_word' id='word_1_178' title='bbox 558 1642 785 1680; x_wconf 90' lang='lat' dir='ltr'>Saturnium</span> <span class='ocrx_word' id='word_1_179' title='bbox 901 1642 1094 1691; x_wconf 88' lang='lat' dir='ltr'>populum</span> <span class='ocrx_word' id='word_1_180' title='bbox 1125 1641 1338 1690; x_wconf 78' lang='lat' dir='ltr'>pepulisti?</span> 
     </span>
    </p>
   </div>
   <div class='ocr_carea' id='block_1_6' title="bbox 396 1743 1558 1749">
    <p class='ocr_par' dir='ltr' id='par_1_12' title="bbox 396 1743 1558 1749">
     <span class='ocr_line' id='line_1_28' title="bbox 396 1743 1558 1749; baseline 0 0"><span class='ocrx_word' id='word_1_181' title='bbox 396 1743 1558 1749; x_wconf 95' lang='lat' dir='ltr'> </span> 
     </span>
    </p>
   </div>
   <div class='ocr_carea' id='block_1_7' title="bbox 125 1785 1566 2059">
    <p class='ocr_par' dir='ltr' id='par_1_13' title="bbox 125 1785 1566 2059">
     <span class='ocr_line' id='line_1_29' title="bbox 129 1785 1566 1830; baseline -0.001 -10"><span class='ocrx_word' id='word_1_182' title='bbox 129 1798 174 1826; x_wconf 83' lang='lat'>23</span> <span class='ocrx_word' id='word_1_183' title='bbox 197 1789 291 1820; x_wconf 87' lang='lat' dir='ltr'>Fest.</span> <span class='ocrx_word' id='word_1_184' title='bbox 310 1796 374 1830; x_wconf 90' lang='lat'>317</span> <span class='ocrx_word' id='word_1_185' title='bbox 429 1797 441 1819; x_wconf 89' lang='lat'>1</span> <span class='ocrx_word' id='word_1_186' title='bbox 470 1790 515 1820; x_wconf 90' lang='lat' dir='ltr'>ad</span> <span class='ocrx_word' id='word_1_187' title='bbox 538 1793 631 1820; x_wconf 82' lang='lat' dir='ltr'>viros</span> <span class='ocrx_word' id='word_1_188' title='bbox 668 1790 710 1820; x_wconf 85' lang='lat' dir='ltr'>cf.</span> <span class='ocrx_word' id='word_1_189' title='bbox 731 1788 825 1820; x_wconf 81' lang='lat' dir='ltr'>Leo¹</span> <span class='ocrx_word' id='word_1_190' title='bbox 844 1796 886 1830; x_wconf 84' lang='lat'>59</span> <span class='ocrx_word' id='word_1_191' title='bbox 936 1797 952 1819; x_wconf 89' lang='grc'>2</span> <span class='ocrx_word' id='word_1_192' title='bbox 979 1804 1022 1815; x_wconf 90' lang='lat'><strong><em>=</em></strong></span> <span class='ocrx_word' id='word_1_193' title='bbox 1040 1789 1102 1820; x_wconf 84' lang='lat' dir='ltr'>GL</span> <span class='ocrx_word' id='word_1_194' title='bbox 1119 1789 1154 1819; x_wconf 89' lang='lat' dir='ltr'>V</span> <span class='ocrx_word' id='word_1_195' title='bbox 1173 1796 1233 1829; x_wconf 83' lang='lat'>591</span> <span class='ocrx_word' id='word_1_196' title='bbox 1286 1785 1566 1830; x_wconf 66' lang='lat' dir='ltr'>‘turpitudinem’</span> 
     </span>
     <span class='ocr_line' id='line_1_30' title="bbox 125 1832 1565 1877; baseline -0.001 -11"><span class='ocrx_word' id='word_1_197' title='bbox 125 1841 245 1877; x_wconf 77' lang='lat' dir='ltr'>gentes</span> <span class='ocrx_word' id='word_1_198' title='bbox 270 1835 418 1866; x_wconf 88' lang='lat' dir='ltr'>Gramm.</span> <span class='ocrx_word' id='word_1_199' title='bbox 491 1844 535 1871; x_wconf 85' lang='lat'>24</span> <span class='ocrx_word' id='word_1_200' title='bbox 559 1835 651 1866; x_wconf 87' lang='lat' dir='ltr'>Fest.</span> <span class='ocrx_word' id='word_1_201' title='bbox 670 1842 734 1875; x_wconf 87' lang='lat'>317</span> <span class='ocrx_word' id='word_1_202' title='bbox 779 1836 821 1865; x_wconf 80' lang='lat' dir='ltr'>cf.</span> <span class='ocrx_word' id='word_1_203' title='bbox 839 1832 932 1865; x_wconf 82' lang='lat' dir='ltr'>Leo1</span> <span class='ocrx_word' id='word_1_204' title='bbox 951 1834 993 1874; x_wconf 87' lang='lat'>38</span> <span class='ocrx_word' id='word_1_205' title='bbox 1039 1843 1051 1864; x_wconf 94' lang='lat'>1</span> <span class='ocrx_word' id='word_1_206' title='bbox 1078 1845 1209 1875; x_wconf 78' lang='lat' dir='ltr'>seseque</span> <span class='ocrx_word' id='word_1_207' title='bbox 1227 1837 1242 1864; x_wconf 87' lang='lat' dir='ltr'>z&#39;</span> <span class='ocrx_word' id='word_1_208' title='bbox 1262 1834 1335 1865; x_wconf 91' lang='lat' dir='ltr'>cod.</span> <span class='ocrx_word' id='word_1_209' title='bbox 1379 1842 1396 1864; x_wconf 90' lang='lat'><strong>2</strong></span> <span class='ocrx_word' id='word_1_210' title='bbox 1421 1838 1565 1874; x_wconf 78' lang='lat' dir='ltr'>strupro</span> 
     </span>
     <span class='ocr_line' id='line_1_31' title="bbox 129 1878 1563 1921; baseline -0.001 -10"><span class='ocrx_word' id='word_1_211' title='bbox 129 1880 203 1911; x_wconf 90' lang='lat' dir='ltr'>cod.</span> <span class='ocrx_word' id='word_1_212' title='bbox 297 1890 341 1918; x_wconf 85' lang='lat'>25</span> <span class='ocrx_word' id='word_1_213' title='bbox 365 1881 458 1912; x_wconf 91' lang='lat' dir='ltr'>Non.</span> <span class='ocrx_word' id='word_1_214' title='bbox 476 1880 540 1921; x_wconf 84' lang='lat'>468</span> <span class='ocrx_word' id='word_1_215' title='bbox 592 1889 604 1911; x_wconf 93' lang='lat'>1</span> <span class='ocrx_word' id='word_1_216' title='bbox 633 1892 755 1912; x_wconf 74' lang='lat' dir='ltr'>verum</span> <span class='ocrx_word' id='word_1_217' title='bbox 780 1881 896 1911; x_wconf 89' lang='lat' dir='ltr'>Iunius</span> <span class='ocrx_word' id='word_1_218' title='bbox 937 1882 1095 1911; x_wconf 76' lang='lat' dir='ltr'>adveniet</span> <span class='ocrx_word' id='word_1_219' title='bbox 1119 1879 1200 1910; x_wconf 85' lang='lat' dir='ltr'>trad.</span> <span class='ocrx_word' id='word_1_220' title='bbox 1294 1881 1340 1910; x_wconf 81' lang='lat'>26</span> <span class='ocrx_word' id='word_1_221' title='bbox 1362 1880 1455 1910; x_wconf 86' lang='lat' dir='ltr'>Non.</span> <span class='ocrx_word' id='word_1_222' title='bbox 1475 1878 1528 1917; x_wconf 84' lang='lat'>76,</span> <span class='ocrx_word' id='word_1_223' title='bbox 1547 1886 1563 1919; x_wconf 85' lang='lat'>5</span> 
     </span>
     <span class='ocr_line' id='line_1_32' title="bbox 129 1923 1564 1967; baseline -0.002 -10"><span class='ocrx_word' id='word_1_224' title='bbox 129 1928 163 1957; x_wconf 87' lang='lat' dir='ltr'>sz&#39;</span> <span class='ocrx_word' id='word_1_225' title='bbox 183 1925 278 1957; x_wconf 87' lang='lat' dir='ltr'>Leo1</span> <span class='ocrx_word' id='word_1_226' title='bbox 297 1924 365 1967; x_wconf 83' lang='lat'>52⁶</span> <span class='ocrx_word' id='word_1_227' title='bbox 401 1929 620 1967; x_wconf 75' lang='lat' dir='ltr'>porricerent</span> <span class='ocrx_word' id='word_1_228' title='bbox 643 1926 758 1957; x_wconf 86' lang='lat' dir='ltr'>Iunius</span> <span class='ocrx_word' id='word_1_229' title='bbox 800 1931 899 1957; x_wconf 78' lang='lat' dir='ltr'>extra</span> <span class='ocrx_word' id='word_1_230' title='bbox 925 1925 957 1957; x_wconf 91' lang='lat' dir='ltr'>ll.</span> <span class='ocrx_word' id='word_1_231' title='bbox 1029 1935 1072 1962; x_wconf 85' lang='lat'>27</span> <span class='ocrx_word' id='word_1_232' title='bbox 1097 1926 1189 1956; x_wconf 88' lang='lat' dir='ltr'>Non.</span> <span class='ocrx_word' id='word_1_233' title='bbox 1208 1931 1249 1964; x_wconf 88' lang='lat'>97</span> <span class='ocrx_word' id='word_1_234' title='bbox 1322 1928 1366 1955; x_wconf 87' lang='grc'>28</span> <span class='ocrx_word' id='word_1_235' title='bbox 1390 1925 1482 1955; x_wconf 90' lang='lat' dir='ltr'>Non.</span> <span class='ocrx_word' id='word_1_236' title='bbox 1504 1923 1564 1964; x_wconf 87' lang='lat'>183</span> 
     </span>
     <span class='ocr_line' id='line_1_33' title="bbox 130 1968 1566 2012; baseline -0.001 -10"><span class='ocrx_word' id='word_1_237' title='bbox 130 1968 203 2012; x_wconf 75' lang='lat' dir='ltr'>‘per</span> <span class='ocrx_word' id='word_1_238' title='bbox 226 1969 322 2003; x_wconf 75' lang='lat' dir='ltr'>vz&#39;ces’</span> <span class='ocrx_word' id='word_1_239' title='bbox 409 1981 454 2009; x_wconf 86' lang='lat'>29</span> <span class='ocrx_word' id='word_1_240' title='bbox 477 1972 568 2002; x_wconf 92' lang='lat' dir='ltr'>Non.</span> <span class='ocrx_word' id='word_1_241' title='bbox 588 1979 650 2012; x_wconf 81' lang='lat'>325</span> <span class='ocrx_word' id='word_1_242' title='bbox 680 1971 808 2010; x_wconf 87' lang='lat' dir='ltr'>(liber</span> <span class='ocrx_word' id='word_1_243' title='bbox 824 1972 895 2010; x_wconf 79' lang='lat' dir='ltr'>VI)</span> <span class='ocrx_word' id='word_1_244' title='bbox 985 1980 1029 2008; x_wconf 85' lang='lat'>30</span> <span class='ocrx_word' id='word_1_245' title='bbox 1052 1971 1144 2001; x_wconf 89' lang='lat' dir='ltr'>Non.</span> <span class='ocrx_word' id='word_1_246' title='bbox 1164 1969 1226 2009; x_wconf 84' lang='lat'>267</span> <span class='ocrx_word' id='word_1_247' title='bbox 1311 1979 1349 2007; x_wconf 86' lang='lat'>3¹</span> <span class='ocrx_word' id='word_1_248' title='bbox 1379 1971 1471 2000; x_wconf 88' lang='lat' dir='ltr'>Non.</span> <span class='ocrx_word' id='word_1_249' title='bbox 1491 1977 1566 2010; x_wconf 90' lang='grc'>515</span> 
     </span>
     <span class='ocr_line' id='line_1_34' title="bbox 135 2016 1564 2059; baseline -0.001 -13"><span class='ocrx_word' id='word_1_250' title='bbox 135 2024 176 2046; x_wconf 88' lang='grc'>10</span> <span class='ocrx_word' id='word_1_251' title='bbox 191 2027 217 2047; x_wconf 85' lang='lat' dir='ltr'>s.</span> <span class='ocrx_word' id='word_1_252' title='bbox 235 2025 277 2057; x_wconf 86' lang='lat'>33</span> <span class='ocrx_word' id='word_1_253' title='bbox 292 2027 308 2048; x_wconf 91' lang='lat' dir='ltr'>s</span> <span class='ocrx_word' id='word_1_254' title='bbox 348 2020 546 2059; x_wconf 83' lang='lat' dir='ltr'>superviter</span> <span class='ocrx_word' id='word_1_255' title='bbox 557 2020 742 2048; x_wconf 84' lang='lat' dir='ltr'>contentz&#39;m</span> <span class='ocrx_word' id='word_1_256' title='bbox 759 2028 788 2047; x_wconf 93' lang='lat' dir='ltr'>v.</span> <span class='ocrx_word' id='word_1_257' title='bbox 803 2016 823 2046; x_wconf 94' lang='lat' dir='ltr'>l.</span> <span class='ocrx_word' id='word_1_258' title='bbox 884 2025 961 2054; x_wconf 74' lang='grc'>321</span> <span class='ocrx_word' id='word_1_259' title='bbox 946 2017 1037 2047; x_wconf 91' lang='lat' dir='ltr'>Non.</span> <span class='ocrx_word' id='word_1_260' title='bbox 1055 2025 1115 2047; x_wconf 91' lang='lat'>211</span> <span class='ocrx_word' id='word_1_261' title='bbox 1146 2016 1271 2053; x_wconf 84' lang='lat' dir='ltr'>(liber</span> <span class='ocrx_word' id='word_1_262' title='bbox 1287 2016 1386 2054; x_wconf 88' lang='lat' dir='ltr'>VII)</span> <span class='ocrx_word' id='word_1_263' title='bbox 1424 2027 1462 2047; x_wconf 83' lang='lat' dir='ltr'>ac</span> <span class='ocrx_word' id='word_1_264' title='bbox 1477 2016 1564 2046; x_wconf 86' lang='lat' dir='ltr'>Leo:</span> 
     </span>
    </p>
   </div>
   <div class='ocr_carea' id='block_1_8' title="bbox 131 2060 1572 2378">
    <p class='ocr_par' dir='ltr' id='par_1_14' title="bbox 131 2060 1569 2195">
     <span class='ocr_line' id='line_1_35' title="bbox 132 2060 1569 2105; baseline 0 -14"><span class='ocrx_word' id='word_1_265' title='bbox 132 2062 209 2092; x_wconf 83' lang='lat' dir='ltr'>fort.</span> <span class='ocrx_word' id='word_1_266' title='bbox 233 2064 342 2094; x_wconf 85' lang='lat' dir='ltr'>simul</span> <span class='ocrx_word' id='word_1_267' title='bbox 362 2074 401 2094; x_wconf 81' lang='lat' dir='ltr'>ac</span> <span class='ocrx_word' id='word_1_268' title='bbox 422 2062 426 2105; x_wconf 91' lang='grc' dir='ltr'>Ι</span> <span class='ocrx_word' id='word_1_269' title='bbox 449 2064 533 2094; x_wconf 88' lang='lat' dir='ltr'>locos</span> <span class='ocrx_word' id='word_1_270' title='bbox 572 2060 666 2093; x_wconf 82' lang='lat' dir='ltr'>Le01</span> <span class='ocrx_word' id='word_1_271' title='bbox 687 2070 723 2103; x_wconf 85' lang='lat'>51</span> <span class='ocrx_word' id='word_1_272' title='bbox 767 2072 882 2093; x_wconf 87' lang='lat' dir='ltr'>versus</span> <span class='ocrx_word' id='word_1_273' title='bbox 901 2063 1074 2093; x_wconf 75' lang='lat' dir='ltr'>Saturnius</span> <span class='ocrx_word' id='word_1_274' title='bbox 1100 2062 1210 2103; x_wconf 88' lang='lat' dir='ltr'>specie</span> <span class='ocrx_word' id='word_1_275' title='bbox 1234 2061 1421 2092; x_wconf 81' lang='lat' dir='ltr'>hexametri</span> <span class='ocrx_word' id='word_1_276' title='bbox 1525 2069 1569 2097; x_wconf 81' lang='grc'>33</span> 
     </span>
     <span class='ocr_line' id='line_1_36' title="bbox 131 2107 1572 2149; baseline 0 -12"><span class='ocrx_word' id='word_1_277' title='bbox 131 2107 224 2137; x_wconf 88' lang='lat' dir='ltr'>Non.</span> <span class='ocrx_word' id='word_1_278' title='bbox 250 2115 316 2149; x_wconf 87' lang='lat'>474</span> <span class='ocrx_word' id='word_1_279' title='bbox 378 2117 390 2138; x_wconf 95' lang='lat'>1</span> <span class='ocrx_word' id='word_1_280' title='bbox 412 2111 595 2149; x_wconf 81' lang='lat' dir='ltr'>pacz&#39;scunt</span> <span class='ocrx_word' id='word_1_281' title='bbox 617 2109 728 2139; x_wconf 63' lang='lat' dir='ltr'>Non:</span> <span class='ocrx_word' id='word_1_282' title='bbox 764 2110 1032 2149; x_wconf 71' lang='lat' dir='ltr'>pacz&#39;scunturl</span> <span class='ocrx_word' id='word_1_283' title='bbox 1017 2108 1109 2138; x_wconf 91' lang='lat' dir='ltr'>Non</span> <span class='ocrx_word' id='word_1_284' title='bbox 1137 2107 1170 2138; x_wconf 89' lang='lat' dir='ltr'>ll.</span> <span class='ocrx_word' id='word_1_285' title='bbox 1225 2110 1279 2138; x_wconf 78' lang='lat' dir='ltr'>sin</span> <span class='ocrx_word' id='word_1_286' title='bbox 1303 2117 1389 2138; x_wconf 90' lang='lat' dir='ltr'>unus</span> <span class='ocrx_word' id='word_1_287' title='bbox 1445 2107 1572 2137; x_wconf 72' lang='lat' dir='ltr'>Lutati</span> 
     </span>
     <span class='ocr_line' id='line_1_37' title="bbox 131 2151 1565 2195; baseline -0.001 -12"><span class='ocrx_word' id='word_1_288' title='bbox 131 2152 325 2184; x_wconf 89' lang='lat' dir='ltr'>Buecheler.</span> <span class='ocrx_word' id='word_1_289' title='bbox 350 2158 497 2185; x_wconf 86' lang='lat' dir='ltr'>ceterum</span> <span class='ocrx_word' id='word_1_290' title='bbox 522 2154 564 2185; x_wconf 80' lang='lat' dir='ltr'>cf.</span> <span class='ocrx_word' id='word_1_291' title='bbox 582 2151 677 2184; x_wconf 81' lang='lat' dir='ltr'>Le0¹</span> <span class='ocrx_word' id='word_1_292' title='bbox 696 2151 763 2194; x_wconf 80' lang='lat'>35⁵</span> <span class='ocrx_word' id='word_1_293' title='bbox 812 2161 828 2183; x_wconf 90' lang='lat'>2</span> <span class='ocrx_word' id='word_1_294' title='bbox 859 2152 999 2195; x_wconf 70' lang='lat' dir='ltr'>(auro).</span> <span class='ocrx_word' id='word_1_295' title='bbox 1018 2163 1068 2183; x_wconf 82' lang='lat' dir='ltr'>ex.</span> <span class='ocrx_word' id='word_1_296' title='bbox 1085 2163 1132 2194; x_wconf 86' lang='lat' dir='ltr'>gr</span> <span class='ocrx_word' id='word_1_297' title='bbox 1152 2154 1224 2183; x_wconf 88' lang='lat' dir='ltr'>Leo</span> <span class='ocrx_word' id='word_1_298' title='bbox 1321 2161 1366 2189; x_wconf 84' lang='lat'>34</span> <span class='ocrx_word' id='word_1_299' title='bbox 1390 2153 1482 2182; x_wconf 86' lang='lat' dir='ltr'>Fest.</span> <span class='ocrx_word' id='word_1_300' title='bbox 1501 2159 1565 2192; x_wconf 83' lang='lat'>352</span> 
     </span>
    </p>

    <p class='ocr_par' dir='ltr' id='par_1_15' title="bbox 131 2197 1568 2378">
     <span class='ocr_line' id='line_1_38' title="bbox 131 2197 1568 2240; baseline 0 -12"><span class='ocrx_word' id='word_1_301' title='bbox 131 2197 265 2237; x_wconf 86' lang='lat' dir='ltr'>(sedis</span> <span class='ocrx_word' id='word_1_302' title='bbox 289 2199 496 2238; x_wconf 88' lang='lat' dir='ltr'>incertae)</span> <span class='ocrx_word' id='word_1_303' title='bbox 552 2199 660 2240; x_wconf 88' lang='lat' dir='ltr'>suppl.</span> <span class='ocrx_word' id='word_1_304' title='bbox 692 2199 806 2230; x_wconf 91' lang='lat' dir='ltr'>Havet</span> <span class='ocrx_word' id='word_1_305' title='bbox 835 2206 898 2239; x_wconf 85' lang='lat'>307</span> <span class='ocrx_word' id='word_1_306' title='bbox 1024 2208 1067 2236; x_wconf 82' lang='lat'>35</span> <span class='ocrx_word' id='word_1_307' title='bbox 1092 2199 1194 2229; x_wconf 88' lang='lat' dir='ltr'>Prisc.</span> <span class='ocrx_word' id='word_1_308' title='bbox 1227 2198 1288 2229; x_wconf 88' lang='lat' dir='ltr'>GL</span> <span class='ocrx_word' id='word_1_309' title='bbox 1306 2198 1341 2228; x_wconf 93' lang='grc' dir='ltr'>Π</span> <span class='ocrx_word' id='word_1_310' title='bbox 1360 2205 1421 2238; x_wconf 90' lang='grc'>235</span> <span class='ocrx_word' id='word_1_311' title='bbox 1473 2209 1568 2239; x_wconf 78' lang='lat' dir='ltr'>mag-</span> 
     </span>
     <span class='ocr_line' id='line_1_39' title="bbox 133 2242 1568 2287; baseline -0.001 -13"><span class='ocrx_word' id='word_1_312' title='bbox 133 2255 282 2285; x_wconf 81' lang='lat' dir='ltr'>namque</span> <span class='ocrx_word' id='word_1_313' title='bbox 314 2245 459 2287; x_wconf 81' lang='lat' dir='ltr'>(magna</span> <span class='ocrx_word' id='word_1_314' title='bbox 490 2245 593 2286; x_wconf 82' lang='lat' dir='ltr'>quae)</span> <span class='ocrx_word' id='word_1_315' title='bbox 627 2255 657 2275; x_wconf 90' lang='lat' dir='ltr'>v.</span> <span class='ocrx_word' id='word_1_316' title='bbox 690 2244 709 2274; x_wconf 87' lang='lat' dir='ltr'>l.</span> <span class='ocrx_word' id='word_1_317' title='bbox 762 2242 938 2276; x_wconf 69' lang='lat' dir='ltr'>‘decoram’</span> <span class='ocrx_word' id='word_1_318' title='bbox 990 2248 1163 2276; x_wconf 72' lang='lat' dir='ltr'>vexarunt</span> <span class='ocrx_word' id='word_1_319' title='bbox 1193 2243 1304 2284; x_wconf 87' lang='lat' dir='ltr'>plures</span> <span class='ocrx_word' id='word_1_320' title='bbox 1336 2242 1489 2279; x_wconf 87' lang='lat' dir='ltr'>Krehlii‚</span> <span class='ocrx_word' id='word_1_321' title='bbox 1526 2243 1568 2273; x_wconf 91' lang='lat' dir='ltr'>de</span> 
     </span>
     <span class='ocr_line' id='line_1_40' title="bbox 132 2287 1566 2330; baseline -0.001 -10"><span class='ocrx_word' id='word_1_322' title='bbox 132 2299 198 2330; x_wconf 91' lang='lat' dir='ltr'>qua</span> <span class='ocrx_word' id='word_1_323' title='bbox 226 2288 368 2320; x_wconf 80' lang='lat' dir='ltr'>lectione</span> <span class='ocrx_word' id='word_1_324' title='bbox 392 2290 434 2321; x_wconf 82' lang='lat' dir='ltr'>cf.</span> <span class='ocrx_word' id='word_1_325' title='bbox 452 2290 544 2321; x_wconf 90' lang='lat' dir='ltr'>Leol</span> <span class='ocrx_word' id='word_1_326' title='bbox 564 2289 606 2321; x_wconf 90' lang='grc'>60</span> <span class='ocrx_word' id='word_1_327' title='bbox 744 2292 789 2326; x_wconf 83' lang='lat'>36</span> <span class='ocrx_word' id='word_1_328' title='bbox 812 2290 893 2321; x_wconf 86' lang='lat' dir='ltr'>Isid.</span> <span class='ocrx_word' id='word_1_329' title='bbox 918 2295 985 2320; x_wconf 85' lang='lat' dir='ltr'>nat.</span> <span class='ocrx_word' id='word_1_330' title='bbox 1011 2299 1055 2330; x_wconf 84' lang='lat'>44</span> <span class='ocrx_word' id='word_1_331' title='bbox 1109 2291 1312 2320; x_wconf 80' lang='lat' dir='ltr'>lzonerarz‘ae</span> <span class='ocrx_word' id='word_1_332' title='bbox 1344 2290 1510 2320; x_wconf 78' lang='lat' dir='ltr'>honustae</span> <span class='ocrx_word' id='word_1_333' title='bbox 1534 2287 1566 2318; x_wconf 91' lang='lat' dir='ltr'>ll.</span> 
     </span>
     <span class='ocr_line' id='line_1_41' title="bbox 132 2332 1567 2378; baseline -0.001 -13"><span class='ocrx_word' id='word_1_334' title='bbox 132 2340 264 2375; x_wconf 84' lang='lat' dir='ltr'>praeter</span> <span class='ocrx_word' id='word_1_335' title='bbox 299 2345 403 2366; x_wconf 87' lang='lat' dir='ltr'>unum</span> <span class='ocrx_word' id='word_1_336' title='bbox 457 2333 563 2366; x_wconf 76' lang='lat' dir='ltr'>‘motu</span> <span class='ocrx_word' id='word_1_337' title='bbox 594 2338 702 2367; x_wconf 82' lang='lat' dir='ltr'>maris</span> <span class='ocrx_word' id='word_1_338' title='bbox 734 2338 807 2366; x_wconf 82' lang='lat' dir='ltr'>sine</span> <span class='ocrx_word' id='word_1_339' title='bbox 840 2340 1034 2377; x_wconf 78' lang='lat' dir='ltr'>tempestate</span> <span class='ocrx_word' id='word_1_340' title='bbox 1054 2332 1284 2378; x_wconf 63' lang='lat' dir='ltr'>fluctuantis³</span> <span class='ocrx_word' id='word_1_341' title='bbox 1401 2343 1444 2371; x_wconf 81' lang='grc'>37</span> <span class='ocrx_word' id='word_1_342' title='bbox 1478 2334 1567 2364; x_wconf 89' lang='lat' dir='ltr'>Don.</span> 
     </span>
    </p>
   </div>
   <div class='ocr_carea' id='block_1_9' title="bbox 132 2380 1569 2648">
    <p class='ocr_par' dir='ltr' id='par_1_16' title="bbox 132 2380 1569 2648">
     <span class='ocr_line' id='line_1_42' title="bbox 132 2380 1568 2420; baseline -0.001 -10"><span class='ocrx_word' id='word_1_343' title='bbox 132 2381 209 2411; x_wconf 84' lang='lat' dir='ltr'>Ter.</span> <span class='ocrx_word' id='word_1_344' title='bbox 225 2380 333 2411; x_wconf 87' lang='lat' dir='ltr'>Andr.</span> <span class='ocrx_word' id='word_1_345' title='bbox 353 2387 393 2420; x_wconf 89' lang='grc'>55</span> <span class='ocrx_word' id='word_1_346' title='bbox 436 2392 546 2412; x_wconf 83' lang='lat' dir='ltr'>unum</span> <span class='ocrx_word' id='word_1_347' title='bbox 562 2381 655 2413; x_wconf 66' lang='lat' dir='ltr'>Pan:</span> <span class='ocrx_word' id='word_1_348' title='bbox 674 2392 778 2412; x_wconf 78' lang='lat' dir='ltr'>suum</span> <span class='ocrx_word' id='word_1_349' title='bbox 794 2381 877 2412; x_wconf 84' lang='lat' dir='ltr'>dett.</span> <span class='ocrx_word' id='word_1_350' title='bbox 948 2384 992 2418; x_wconf 85' lang='lat'>38</span> <span class='ocrx_word' id='word_1_351' title='bbox 1016 2381 1111 2411; x_wconf 87' lang='lat' dir='ltr'>Paul.</span> <span class='ocrx_word' id='word_1_352' title='bbox 1125 2381 1218 2411; x_wconf 85' lang='lat' dir='ltr'>Fest.</span> <span class='ocrx_word' id='word_1_353' title='bbox 1234 2387 1297 2420; x_wconf 84' lang='lat'>323</span> <span class='ocrx_word' id='word_1_354' title='bbox 1317 2380 1369 2417; x_wconf 79' lang='lat' dir='ltr'>(cf.</span> <span class='ocrx_word' id='word_1_355' title='bbox 1383 2380 1475 2410; x_wconf 88' lang='lat' dir='ltr'>Fest.</span> <span class='ocrx_word' id='word_1_356' title='bbox 1491 2381 1568 2419; x_wconf 80' lang='grc'>322)</span> 
     </span>
     <span class='ocr_line' id='line_1_43' title="bbox 133 2422 1568 2467; baseline -0.001 -10"><span class='ocrx_word' id='word_1_357' title='bbox 133 2437 192 2457; x_wconf 88' lang='lat' dir='ltr'>nec</span> <span class='ocrx_word' id='word_1_358' title='bbox 214 2429 299 2457; x_wconf 73' lang='lat' dir='ltr'>satis</span> <span class='ocrx_word' id='word_1_359' title='bbox 321 2437 463 2456; x_wconf 83' lang='lat' dir='ltr'>sarrare</span> <span class='ocrx_word' id='word_1_360' title='bbox 486 2427 584 2457; x_wconf 86' lang='lat' dir='ltr'>Varr.</span> <span class='ocrx_word' id='word_1_361' title='bbox 602 2426 679 2466; x_wconf 76' lang='lat' dir='ltr'>ling,</span> <span class='ocrx_word' id='word_1_362' title='bbox 699 2433 729 2465; x_wconf 80' lang='lat'>7,</span> <span class='ocrx_word' id='word_1_363' title='bbox 752 2426 811 2457; x_wconf 91' lang='lat'>108</span> <span class='ocrx_word' id='word_1_364' title='bbox 839 2427 891 2465; x_wconf 83' lang='lat' dir='ltr'>(cf.</span> <span class='ocrx_word' id='word_1_365' title='bbox 918 2425 1172 2458; x_wconf 85' lang='lat' dir='ltr'>Goetz-Schoell</span> <span class='ocrx_word' id='word_1_366' title='bbox 1197 2426 1239 2456; x_wconf 89' lang='lat' dir='ltr'>ad</span> <span class='ocrx_word' id='word_1_367' title='bbox 1264 2425 1296 2462; x_wconf 94' lang='grc'>1.)</span> <span class='ocrx_word' id='word_1_368' title='bbox 1353 2422 1568 2467; x_wconf 68' lang='lat' dir='ltr'>‘mtellegere&#39;</span> 
     </span>
     <span class='ocr_line' id='line_1_44' title="bbox 133 2470 1568 2512; baseline -0.001 -10"><span class='ocrx_word' id='word_1_369' title='bbox 133 2471 176 2502; x_wconf 88' lang='lat' dir='ltr'>de</span> <span class='ocrx_word' id='word_1_370' title='bbox 202 2471 332 2502; x_wconf 89' lang='lat' dir='ltr'>duobus</span> <span class='ocrx_word' id='word_1_371' title='bbox 357 2470 438 2502; x_wconf 84' lang='lat' dir='ltr'>colis</span> <span class='ocrx_word' id='word_1_372' title='bbox 463 2472 504 2502; x_wconf 83' lang='lat' dir='ltr'>cf.</span> <span class='ocrx_word' id='word_1_373' title='bbox 522 2470 615 2502; x_wconf 82' lang='lat' dir='ltr'>Leol</span> <span class='ocrx_word' id='word_1_374' title='bbox 634 2470 687 2512; x_wconf 85' lang='lat'>46.</span> <span class='ocrx_word' id='word_1_375' title='bbox 707 2479 744 2512; x_wconf 90' lang='grc'>51</span> <span class='ocrx_word' id='word_1_376' title='bbox 834 2481 878 2509; x_wconf 86' lang='lat'>39</span> <span class='ocrx_word' id='word_1_377' title='bbox 902 2473 1003 2503; x_wconf 85' lang='lat' dir='ltr'>Prisc.</span> <span class='ocrx_word' id='word_1_378' title='bbox 1026 2472 1087 2503; x_wconf 88' lang='lat' dir='ltr'>GL</span> <span class='ocrx_word' id='word_1_379' title='bbox 1106 2472 1141 2502; x_wconf 93' lang='grc' dir='ltr'>Π</span> <span class='ocrx_word' id='word_1_380' title='bbox 1163 2479 1235 2511; x_wconf 80' lang='grc'>153.</span> <span class='ocrx_word' id='word_1_381' title='bbox 1256 2478 1320 2510; x_wconf 84' lang='grc'>230</span> <span class='ocrx_word' id='word_1_382' title='bbox 1404 2479 1449 2507; x_wconf 84' lang='grc' dir='ltr'>4ο</span> <span class='ocrx_word' id='word_1_383' title='bbox 1474 2470 1568 2501; x_wconf 87' lang='lat' dir='ltr'>Paul.</span> 
     </span>
     <span class='ocr_line' id='line_1_45' title="bbox 133 2513 1569 2559; baseline -0.001 -12"><span class='ocrx_word' id='word_1_384' title='bbox 133 2517 227 2548; x_wconf 86' lang='lat' dir='ltr'>Fest.</span> <span class='ocrx_word' id='word_1_385' title='bbox 256 2524 315 2555; x_wconf 92' lang='lat'>271</span> <span class='ocrx_word' id='word_1_386' title='bbox 367 2513 658 2559; x_wconf 68' lang='lat' dir='ltr'>‘rungrerantur’</span> <span class='ocrx_word' id='word_1_387' title='bbox 704 2528 771 2548; x_wconf 89' lang='lat' dir='ltr'>sese</span> <span class='ocrx_word' id='word_1_388' title='bbox 796 2518 877 2548; x_wconf 84' lang='lat' dir='ltr'>trad.</span> <span class='ocrx_word' id='word_1_389' title='bbox 981 2527 1021 2554; x_wconf 79' lang='lat'>41</span> <span class='ocrx_word' id='word_1_390' title='bbox 1051 2518 1142 2547; x_wconf 91' lang='lat' dir='ltr'>Non.</span> <span class='ocrx_word' id='word_1_391' title='bbox 1170 2525 1234 2557; x_wconf 83' lang='lat'>214</span> <span class='ocrx_word' id='word_1_392' title='bbox 1282 2519 1406 2558; x_wconf 74' lang='lat' dir='ltr'><em>magni</em></span> <span class='ocrx_word' id='word_1_393' title='bbox 1427 2515 1477 2546; x_wconf 94' lang='lat' dir='ltr'>ll.:</span> <span class='ocrx_word' id='word_1_394' title='bbox 1515 2526 1569 2546; x_wconf 90' lang='lat' dir='ltr'>em</span> 
     </span>
     <span class='ocr_line' id='line_1_46' title="bbox 133 2559 1569 2604; baseline -0.001 -11"><span class='ocrx_word' id='word_1_395' title='bbox 133 2560 229 2593; x_wconf 85' lang='lat' dir='ltr'>Leo¹</span> <span class='ocrx_word' id='word_1_396' title='bbox 247 2561 337 2602; x_wconf 84' lang='grc'>(361)</span> <span class='ocrx_word' id='word_1_397' title='bbox 383 2564 535 2604; x_wconf 78' lang='lat' dir='ltr'>possidet</span> <span class='ocrx_word' id='word_1_398' title='bbox 559 2562 592 2593; x_wconf 89' lang='lat' dir='ltr'>ll.</span> <span class='ocrx_word' id='word_1_399' title='bbox 610 2567 739 2604; x_wconf 86' lang='lat' dir='ltr'>praeter</span> <span class='ocrx_word' id='word_1_400' title='bbox 754 2573 858 2593; x_wconf 92' lang='lat' dir='ltr'>unum</span> <span class='ocrx_word' id='word_1_401' title='bbox 974 2572 1018 2599; x_wconf 89' lang='grc'>42</span> <span class='ocrx_word' id='word_1_402' title='bbox 1035 2563 1126 2594; x_wconf 83' lang='lat' dir='ltr'>Fest.</span> <span class='ocrx_word' id='word_1_403' title='bbox 1143 2569 1205 2603; x_wconf 88' lang='grc'>257</span> <span class='ocrx_word' id='word_1_404' title='bbox 1234 2564 1401 2601; x_wconf 86' lang='lat' dir='ltr'>(satura)</span> <span class='ocrx_word' id='word_1_405' title='bbox 1440 2559 1569 2603; x_wconf 73' lang='lat' dir='ltr'>‘quare&#39;</span> 
     </span>
     <span class='ocr_line' id='line_1_47' title="bbox 133 2606 475 2648; baseline 0 -10"><span class='ocrx_word' id='word_1_406' title='bbox 133 2608 176 2638; x_wconf 82' lang='lat' dir='ltr'>cf.</span> <span class='ocrx_word' id='word_1_407' title='bbox 194 2607 289 2639; x_wconf 82' lang='lat' dir='ltr'>Leo1</span> <span class='ocrx_word' id='word_1_408' title='bbox 307 2614 347 2648; x_wconf 91' lang='lat'>47</span> <span class='ocrx_word' id='word_1_409' title='bbox 361 2606 383 2638; x_wconf 71' lang='lat'>2.</span> <span class='ocrx_word' id='word_1_410' title='bbox 409 2616 452 2648; x_wconf 84' lang='lat'>49</span> <span class='ocrx_word' id='word_1_411' title='bbox 464 2606 475 2624; x_wconf 82' lang='lat'><strong>¹</strong></span> 
     </span>
    </p>
   </div>
  </div>
 </body>
</html>
