1747 2865
477 127 634 151 SCENJCA
680 125 979 149 PRAETEXTATAE
1026 123 1167 147 COMICA
1488 125 1534 163 15

138 241 190 277 88
222 234 310 287 (26)
380 232 450 273 tibi
471 235 572 274 servi
594 234 704 271 multi
726 230 834 283 apud
855 245 1035 270 mensam
1056 237 1206 269 astant:
1238 228 1302 268 ille
1322 231 1408 280 ipse
1424 236 1538 275 astat,

1205 285 1370 337 quando
1401 288 1482 325 edit

139 353 191 389 89
223 347 294 399 (26
310 346 340 399 1)
380 360 513 398 neque
535 345 756 385 admodum
774 360 798 384 a
813 346 947 396 pueris
962 346 1152 383 abscessit
1167 342 1300 395 neque
1316 345 1539 382 admodum

1144 398 1483 440 adulescentulust

139 467 200 503 90.
225 461 312 514 (35)
382 462 450 499 ubi
480 457 573 506 vidi,
605 460 920 499 exanimabiliter
949 461 1110 498 timidus
1141 456 1311 509 pedibus
1337 459 1538 525 protinam

140 581 192 617 91
226 574 362 627 (3658)
1193 516 1484 622 nolonegodedl

382 633 487 669 hanc
519 629 622 669 adeo
655 632 828 668 efflictim
859 628 1014 669 amare:
1048 632 1116 668 diu
1148 628 1253 667 vivat
1282 631 1386 675 volo,

383 694 426 726 ut
456 685 554 725 mihi
584 690 778 738 prodesse
808 685 933 738 possit

141 751 194 787 92
227 746 297 797 (39
320 745 354 796 s)
384 743 487 783 ultro
519 752 703 791 meretur,
736 758 856 795 quam
888 742 1025 783 obrem
1057 751 1231 782 ametur:
1264 740 1319 780 ita
1341 743 1545 792 dapsiliter

1215 813 1306 838 suos
1337 812 1486 838 ammos

386 860 456 897 alit

142 922 196 957 93
229 915 317 968 (43)
388 937 626 954 ψ-υ-υ-
657 917 809 953 utinam
840 928 981 952 nasum
1014 912 1236 952 abstulisset
1265 911 1485 951 mordicus!

143 978 197 1014 94
228 973 316 1025 (45)
387 974 508 1011 nimis
539 974 662 1011 homo
699 969 1001 1010 formidulosust

143 1036 196 1072 95
229 1030 298 1082 (46
320 1029 354 1081 s)
1015 1025 1074 1073 st',
1106 1035 1204 1071 tace,

388 1100 485 1125 cave
515 1083 680 1124 verbum
712 1087 831 1123 faxis!

146 1149 199 1185 96
231 1143 318 1196 (49)
391 1141 550 1182 animae
581 1144 839 1193 pauxillulum
870 1140 911 1180 in
941 1156 1005 1180 me
1036 1143 1158 1180 habet

145 1207 196 1242 97
231 1201 318 1253 (52)
390 1202 431 1238 in
462 1199 542 1239 alto
573 1213 718 1238 navem
749 1197 857 1238 iubet
886 1220 915 1236 o
945 1200 1104 1237 destitui
1131 1197 1315 1236 anchoris

147 1263 199 1299 98
233 1257 299 1309 (53
325 1258 358 1309 s)
390 1291 416 1296 ..
436 1265 567 1295 utrum
590 1264 648 1296 est
669 1258 828 1297 melius:
856 1254 1100 1306 virginemne
1122 1269 1174 1293 an
1196 1256 1359 1293 viduam
1381 1267 1549 1293 uxorem

1227 1314 1406 1351 ducere?
1437 1335 1491 1338 —

390 1368 593 1421 virginem,
626 1372 656 1409 si
687 1372 818 1408 musta
849 1377 908 1409 est

147 1433 199 1469 99
232 1427 320 1479 (55)
393 1425 538 1478 edepol
556 1429 726 1478 Cupido,
748 1429 840 1465 cum
856 1434 937 1465 tam
953 1423 1148 1477 pauxillus
1165 1428 1226 1471 sis,
1248 1427 1363 1463 nimis
1381 1426 1550 1463 multum

1388 1484 1494 1521 vales

121 1547 200 1582 100
233 1541 320 1593 (57)
422 1539 518 1580 saxa
559 1543 675 1579 silvas
715 1539 867 1591 lapides
908 1548 1065 1578 montes
1106 1540 1269 1585 dissicis,
1306 1541 1551 1590 dispi'ilveras

123 1604 202 1639 101
235 1598 323 1650 (58)
949 1605 1070 1647 atque
1101 1594 1201 1635 meis
1232 1598 1347 1635 bonis

422 1652 607 1693 omnibus
640 1668 713 1705 ego
744 1662 783 1692 te
814 1651 950 1693 herem
982 1656 1417 1692 ἱεςίεῐΠ-ψ-υ-υ-

123 1717 203 1753 102
236 1712 323 1764 (59)
426 1710 466 1750 at
497 1713 602 1750 enim
632 1719 674 1750 tu
703 1713 818 1749 nimis
839 1708 964 1761 spisse
985 1725 1032 1749 ac
1053 1713 1167 1749 tarde
1187 1707 1338 1748 incedis
1360 1743 1385 1748 ..
1399 1731 1429 1748 ψ
1443 1742 1469 1748 .-
1484 1730 1513 1747 υ
1529 1742 1555 1747 -

125 1775 205 1810 103
237 1768 305 1821 (72
330 1768 383 1820 ss)
426 1782 531 1819 quae
563 1782 635 1819 ego
666 1770 709 1806 in
739 1770 896 1806 theatro
927 1770 990 1806 hic
1020 1765 1120 1806 meis
1151 1769 1317 1818 probavi
1338 1764 1553 1817 plausibus,

425 1839 473 1864 ea
502 1823 585 1863 non
615 1828 765 1864 audere
797 1822 1042 1875 quemquam
1074 1838 1206 1875 regem
1238 1821 1442 1874 rumpere:

426 1880 577 1933 quanto
608 1884 829 1921 libertatem
860 1880 964 1920 hanc
995 1884 1057 1920 hic
1088 1889 1248 1932 superat
1278 1878 1462 1919 servitus!

127 2055 172 2084 88
194 2053 298 2084 Prisc.
316 2053 378 2084 GL
396 2054 432 2084 Π
451 2060 514 2094 522
543 2053 840 2091 (Carbonaria)
952 2055 997 2090 89
1020 2052 1162 2093 Explan.
1180 2052 1214 2081 in
1231 2051 1318 2082 Don.
1340 2051 1401 2082 GL
1418 2051 1471 2081 IV
1493 2058 1557 2091 559

128 2097 419 2137 (Clamidaria
442 2099 463 2129 i.
489 2098 734 2139 chlamydaria)
776 2100 914 2129 abscesz't
936 2102 969 2129 et
993 2098 1261 2129 adolescentulus
1285 2101 1334 2128 est
1356 2097 1437 2127 trad.
1514 2106 1560 2134 90

128 2144 220 2174 Non.
238 2143 304 2184 376
337 2144 486 2183 (Colax
511 2144 551 2175 cf.
572 2141 692 2181 Κόλαξ
722 2143 910 2183 Menandri)
964 2145 1109 2174 tz'medus
1129 2143 1210 2173 boni
1255 2139 1406 2184 ‘pedibus
1424 2144 1560 2184 longius

124 2185 222 2231 fugi’
328 2199 367 2227 91
397 2189 496 2221 Char.
515 2189 576 2220 GL
594 2190 610 2220 Ι
629 2188 689 2228 198
725 2188 985 2227 (Corollaria
1028 2189 1069 2220 cf.
1096 2185 1400 2232 Στεφανοπώλιδες
1424 2187 1559 2226 Eubuli)

129 2243 174 2272 92
199 2233 296 2265 Char.
315 2234 377 2266 GL
393 2236 411 2266 Ι
432 2235 494 2276 198
587 2244 631 2272 93
656 2233 754 2266 Char.
773 2234 835 2265 GL
851 2235 868 2264 Ι
888 2241 948 2275 205
1028 2244 1073 2272 94
1098 2233 1195 2265 Char.
1215 2234 1276 2265 GL
1294 2234 1309 2263 I
1328 2233 1391 2263 208
1435 2235 1561 2274 formi-

130 2281 270 2311 dulosus
284 2284 335 2311 est
350 2281 432 2311 trad.
486 2289 530 2318 95
556 2279 653 2312 Char.
673 2280 734 2311 GL
759 2281 776 2310 I
794 2288 859 2320 240
903 2288 915 2310 1
937 2281 1038 2311 setale
1057 2280 1138 2310 trad.
1187 2282 1233 2317 96
1248 2280 1361 2309 Diom.
1383 2279 1444 2309 GL
1460 2279 1477 2309 Ι
1496 2286 1562 2319 344

131 2326 387 2365 (Dementes
419 2324 690 2369 εῐ.Μαινόμενος
711 2324 852 2366 Diphili)
890 2322 1043 2356 ‘habitat’
1140 2334 1183 2362 97
1208 2325 1300 2356 Non.
1321 2324 1385 2354 280
1426 2323 1562 2365 (Gym-

130 2371 342 2410 nasticus)
373 2373 464 2402 iubet
490 2370 557 2413 (is)
586 2371 711 2402 Ribb.:
746 2373 858 2402 iubeat
880 2371 1029 2410 Lindsay
1069 2367 1202 2402 ‘statui’
1317 2373 1362 2407 98
1385 2370 1477 2400 Non.
1501 2368 1562 2409 136

136 2425 149 2446 1
181 2414 271 2459 (dic)
300 2420 423 2447 utrum
447 2417 554 2447 Ribb.
605 2425 622 2446 2
649 2413 804 2447 ‘novella'
903 2426 949 2454 99
972 2417 1064 2448 Non.
1083 2424 1144 2457 421
1185 2417 1371 2457 pausz’llus‚
1390 2416 1566 2456 pauullus

133 2472 164 2492 v.
189 2461 210 2493 l.
260 2466 330 2493 tam
348 2467 386 2503 p.
411 2473 490 2493 cum
513 2465 559 2493 sis
584 2462 714 2492 Havet:
761 2473 837 2493 cum
866 2461 946 2503 <tu>
975 2466 1044 2493 tam
1064 2463 1256 2503 pausz'llu’s
1280 2461 1386 2491 Ribb.
1500 2469 1565 2491 ιοο

133 2508 226 2538 Non.
244 2515 285 2548 95
343 2509 455 2538 disicis
478 2507 586 2538 Ribb.
645 2505 845 2538 ‘d225solv725',
925 2517 982 2538 101
1013 2508 1103 2538 Non.
1123 2506 1188 2547 486
1236 2503 1411 2537 ‘heredem'
1450 2511 1563 2537 contra

133 2558 333 2594 anapaestos
356 2553 492 2594 agnovit
516 2551 640 2584 Buech.
737 2562 800 2584 ¹02
824 2553 915 2584 Non.
934 2561 997 2594 392
1039 2550 1158 2584 ‘tarde’
1192 2564 1231 2583 ac
1254 2552 1380 2582 Ribb.:
1406 2556 1507 2593 atque
1530 2551 1563 2581 11.

136 2597 319 2675 ἰὲἷξὴετ.
334 2598 395 2630 GL
408 2599 425 2629 Ι
443 2597 508 2629 216
545 2598 802 2637 (Tarentilla
837 2598 879 2629 cf.
900 2595 1102 2643 Ταραντῖνοι
1119 2597 1282 2637 Alexidis)
1324 2605 1341 2637 3
1360 2599 1447 2628 hanc
1463 2597 1565 2628 haec?

176 2654 187 2674 1
236 2667 243 2674 .
