1747 2865
183 108 234 155 58
550 109 589 131 Μ.
615 109 796 132 PACVVIVS
843 108 957 131 TRAG.
983 108 1240 131 PRAETEXTAT.

186 221 264 256 120
297 218 411 265 (395)
481 216 578 265 quid
608 212 732 267 me<d)
764 217 906 252 obtutu
936 215 1068 261 terres,
1100 216 1248 253 mulces
1278 216 1493 255 laudibus?

186 278 263 312 121
297 273 412 323 (400)
480 292 509 309 υ
539 268 702 321 paulum
732 273 892 321 repeda,
922 273 1053 322 gnate,
1084 285 1108 310 a
1139 273 1331 310 vestibulo
1361 275 1526 323 gradum

186 334 264 370 122
295 330 408 379 (401)
479 341 584 378 quae
614 329 748 366 meum
781 330 943 366 venenis
973 329 1084 366 flexit
1113 330 1265 367 socium
1295 326 1459 378 pectora

186 391 264 426 123
297 386 411 434 (407)
481 386 575 422 nam
615 386 647 423 si
688 398 793 434 quae
834 386 1025 424 eventura
1064 393 1157 424 sunt
1196 386 1446 435 provideant,
1475 389 1611 437 aequi-

1296 440 1439 492 perent
1469 444 1555 481 Iovi

188 505 264 539 124
299 509 395 548 1409
408 499 461 550 ss)
487 532 506 535 -
537 500 784 548 profecti6ne
815 500 906 537 laeti
937 499 1106 548 piscium
1136 500 1339 537 lasciviam

481 556 695 601 intuentur,
727 556 801 593 nec
831 557 969 594 tuendi
1000 557 1158 595 satietas
1190 556 1323 606 capier
1352 563 1493 606 potest.

482 613 634 650 interea
659 626 785 662 prope
806 614 885 650 iam
908 614 1112 651 occidente
1133 615 1215 651 sole
1236 613 1470 651 inhorrescit
1490 626 1610 659 mare,

482 668 672 707 tenebrae
714 671 1055 719 conduplicantur,
1100 672 1309 720 noctisque
1351 667 1390 707 et
1428 671 1611 707 nimbum

1191 728 1383 765 obcaecat
1413 728 1554 777 nigror,

480 783 644 820 flamma
674 784 775 821 inter
803 783 931 821 nubes
953 791 1143 830 coruscat,
1175 783 1327 822 caelum
1349 784 1495 821 tonitru
1516 784 1609 821 con-

1413 841 1554 886 tremit,

479 898 634 946 grando
675 898 798 934 mixta
832 898 950 935 imbri
981 899 1155 948 largifico
1187 899 1315 936 subita
1346 898 1612 947 praecipitans

1436 955 1554 1000 cadit,

481 1012 660 1060 undique
705 1023 846 1049 omnes
887 1011 994 1048 γόητί
1030 1018 1251 1061 erumpunt,
1294 1011 1399 1049 saevi
1440 1012 1612 1049 existunt

1367 1068 1553 1113 turbines,

481 1125 594 1162 fervit
626 1132 739 1163 aestu
768 1125 929 1174 pelagus

184 1186 260 1220 1:35
294 1188 436 1229 ·'422s)
478 1182 692 1219 flexanima
731 1188 937 1231 tamquam
978 1183 1186 1231 lymphata
1216 1188 1284 1219 aut
1315 1181 1462 1219 Bacchi
1493 1182 1611 1219 sacris

480 1240 689 1284 commota,
712 1241 751 1276 in
769 1240 926 1277 tumulis
942 1239 1143 1277 Teucrum
1159 1236 1478 1276 commemorans
1494 1251 1611 1276 suum

186 1335 261 1368 126
299 1331 327 1376 ,ᾸΙ
369 1330 474 1366 Ribb.
498 1331 634 1379 pmel.)
666 1330 778 1379 pater
809 1343 1003 1379 supreme,
1035 1331 1192 1367 nostrae
1223 1329 1403 1379 progenii
1433 1330 1554 1378 patris

184 1391 259 1425 127
295 1387 331 1437 (2
350 1395 383 1435 s)
425 1388 532 1424 nunc
562 1394 602 1424 te
633 1388 820 1430 obtestor,
853 1388 979 1424 celere
1010 1394 1148 1425 sancto
1178 1387 1345 1424 subveni
1375 1386 1568 1423 censorie!

185 1448 260 1483 128
296 1445 353 1491 (4)
422 1444 571 1493 sagittis
603 1445 708 1489 nivit,
741 1441 908 1493 plumbo
940 1451 977 1482 et
1007 1444 1110 1481 saxis
1140 1444 1352 1493 grandinat

184 1505 261 1539 1⁶39
302 1502 350 1549 5)
421 1514 500 1550 qua
531 1501 597 1537 vix
628 1502 840 1551 caprigeno
870 1501 1004 1550 generi
1033 1502 1191 1550 gradilis
1221 1497 1370 1550 gressio
1401 1507 1459 1537 est

184 1597 261 1631 130
416 1591 650 1629 adulescens
680 1598 761 1629 tam
794 1594 864 1630 etsi
896 1593 1095 1641 properas,
1127 1593 1204 1629 hoc
1235 1598 1274 1628 te
1305 1591 1487 1628 saxulum

411 1654 522 1698 rogat
544 1649 585 1685 ut
606 1661 648 1686 se
668 1650 846 1698 aspicias,
879 1649 1039 1694 deinde,
1062 1650 1171 1698 quod
1193 1648 1380 1697 scrIptum
1403 1647 1471 1692 est,
1493 1648 1609 1696 legas.

412 1706 475 1742 hic
505 1706 597 1742 si'int
628 1713 773 1755 poetae
805 1707 951 1743 Pacuvi
983 1706 1111 1743 Marci
1141 1706 1214 1743 sita

411 1775 510 1800 ossa.
543 1763 618 1800 hoc
648 1764 843 1808 volebam,
874 1763 1028 1800 nescius
1059 1776 1110 1800 ne
1142 1762 1257 1800 esse's.
1289 1762 1376 1798 vale

184 1862 247 1884 12ο
270 1852 363 1883 Paul.
393 1853 483 1884 Fest.
516 1861 577 1893 144
626 1865 677 1884 me
700 1853 732 1884 ll.
875 1863 933 1884 121
963 1854 1054 1884 Fest.
1085 1852 1145 1883 281
1184 1849 1398 1893 (‘repedare,
1432 1847 1608 1889 recedere³)

174 1900 367 1939 pausz'llzmz
394 1898 518 1929 Ribb.:
538 1900 743 1939 pauxillum
768 1899 810 1930 O.
836 1899 979 1930 Mueller
1026 1901 1136 1930 recede
1160 1898 1191 1929 ll.
1320 1906 1382 1927 122
1407 1896 1497 1928 Serv,
1523 1902 1608 1926 auct.

180 1946 266 1975 Aen.
287 1952 316 1984 5,
338 1944 376 1974 28
428 1956 514 1986 quae
538 1954 581 1974 sc.
612 1946 706 1976 Circe
730 1945 774 1984 (in
799 1945 1009 1986 Niptris?)
1100 1953 1163 1981 ¹23
1189 1942 1273 1975 Gell.
1296 1951 1346 1983 14,
1368 1951 1396 1979 1,
1414 1950 1456 1982 34
1496 1943 1609 1983 aequi-

173 1996 290 2031 perem
315 1991 405 2020 Voss
454 1991 483 2028 (e
508 1990 708 2029 Teucro?)
756 1991 797 2021 cf.
826 1990 930 2031 Soph.
954 1991 1013 2031 frg.
1041 1989 1104 2030 833
1130 1987 1192 2020 ΝΡ
1226 1985 1303 2021 ἀλλ’
1338 1985 1377 2020 οὔ
1410 1988 1477 2032 γὰρ
1504 1986 1543 2019 ἂν
1566 1987 1608 2019 τὰ

179 2035 262 2067 θεῖα
277 2034 488 2079 κρυπτὸντων
505 2035 599 2068 θεῶν
619 2034 749 2080 μάθοις
768 2033 818 2075 ἄν,
840 2033 911 2068 οὐδ)
929 2034 959 2068 εἰ
975 2033 1070 2067 πάντ’
1092 2032 1297 2073 ὲπεξὲλθοις
1315 2037 1449 2066 σκοπῶν
1545 2042 1608 2069 124

181 2081 248 2111 Cic.
266 2082 332 2111 div.
356 2089 382 2117 1,
403 2089 443 2121 24
467 2084 501 2117 4-
525 2082 616 2112 Non.
636 2089 698 2121 423
720 2085 754 2118 -†-
779 2081 847 2112 Cic.
867 2082 909 2112 de
926 2092 972 2112 or.
993 2089 1022 2121 3,
1045 2088 1104 2122 157
1141 2081 1183 2111 cf.
1200 2080 1262 2110 Iul.
1280 2080 1370 2110 Vict.
1387 2078 1470 2109 rhet.
1492 2089 1523 2120 p.
1542 2085 1606 2118 432

179 2126 293 2156 Albin.
312 2125 395 2157 rhet.
413 2127 493 2156 min.
518 2137 550 2168 p.
571 2134 632 2168 545
654 2128 700 2157 H.
753 2135 765 2157 1
798 2126 881 2169 (sic)
910 2127 1016 2158 Ribb.
1068 2135 1085 2156 2
1112 2130 1335 2158 intuerentur
1359 2124 1446 2156 Cic.:
1474 2127 1608 2155 intuen-

180 2177 239 2202 tur
264 2173 402 2202 Herm.:
429 2175 607 2203 intuemur
625 2173 756 2203 Usener
795 2184 820 2204 s.
845 2178 963 2214 capere
980 2177 1094 2214 posset
1117 2171 1203 2203 Cic.:
1229 2183 1255 2202 c.
1272 2182 1297 2202 s.
1316 2175 1429 2212 potest
1444 2170 1608 2200 Herman-

178 2228 238 2247 nus
296 2226 313 2257 3
334 2223 444 2259 prope
475 2220 521 2248 ad
551 2219 749 2249 occzdentem
772 2220 873 2249 solem
897 2219 1065 2249 horrescit
1086 2218 1177 2248 Non.
1238 2215 1258 2247 6
1285 2217 1451 2258 largzfluo
1474 2214 1608 2245 Ernesti

178 2263 220 2293 de
235 2264 407 2303 naufragio
424 2264 458 2293 in
475 2264 643 2294 Teucro
660 2269 811 2294 enarrato
827 2264 950 2304 cogitat
968 2264 1015 2294 R.
1085 2272 1147 2300 125
1165 2263 1233 2293 Cic.
1252 2262 1317 2292 div.
1340 2270 1367 2297 1,
1386 2260 1429 2291 80
1452 2261 1494 2291 cf.
1511 2261 1607 2291 Varr.

178 2308 253 2348 ling.
273 2315 302 2346 7,
321 2308 360 2346 87
417 2317 427 2338 1
456 2314 498 2339 ut
520 2308 552 2339 Π.
577 2314 707 2350 praeter
731 2319 834 2339 unum
859 2319 975 2340 omnes
1014 2310 1134 2340 baccha
1153 2308 1184 2338 ll.
1211 2313 1340 2348 praeter
1355 2306 1461 2338 Palat.
1501 2306 1608 2346 agitur

177 2353 219 2383 de
244 2353 395 2384 Hesiona
419 2355 451 2384 in
478 2355 647 2385 Teucro
671 2354 783 2385 fabula
868 2357 932 2385 126
956 2354 1042 2385 Gell.
1061 2363 1091 2395 9,
1114 2363 1164 2393 14,
1186 2361 1223 2393 13
1249 2354 1342 2383 Non.
1361 2360 1427 2393 490
1459 2353 1611 2393 progeni

177 2398 267 2428 Non.
282 2398 313 2429 ll.
339 2399 623 2442 scinrogenz'tor
641 2399 691 2430 vel
706 2402 835 2431 abavus
849 2400 979 2439 (Ribb.)
1032 2409 1095 2436 127
1109 2400 1201 2430 Non.
1218 2406 1282 2439 510
1303 2402 1417 2430 sancte
1434 2397 1607 2427 Hermann

176 2448 322 2475 censorio
347 2445 453 2475 Ribb.
534 2448 599 2476 128
622 2446 715 2476 Non.
735 2452 796 2485 507
847 2448 939 2476 nz'vz't
963 2448 1114 2484 (testatur
1138 2445 1241 2483 Non.)
1268 2454 1323 2474 om
1348 2443 1381 2474 ll.
1407 2447 1535 2484 praeter
1550 2443 1606 2472 AA

181 2498 245 2525 129
267 2490 369 2520 Prisc.
399 2490 459 2521 GL
484 2491 519 2520 Π
548 2489 610 2531 196
644 2491 747 2522 Macr.
773 2496 832 2521 sat.
854 2491 885 2527 ὁ,
904 2498 934 2531 5,
959 2499 998 2531 14
1045 2502 1115 2532 qua
1139 2493 1200 2521 vix
1225 2490 1361 2520 Herm.:
1395 2499 1465 2530 qua
1489 2488 1605 2528 (quia)

177 2536 234 2564 via
258 2534 359 2565 Prisc.
376 2535 426 2565 ll.:
453 2539 616 2577 quamve&
640 2536 788 2567 Macrob.
817 2539 942 2578 generi
962 2537 1089 2567 Prise.:
1110 2538 1231 2577 pecori
1252 2534 1401 2566 Macrob'.
1421 2534 1607 2575 gradzbz'lz‘s

177 2579 297 2609 Prisc:
319 2583 493 2621 grandior
508 2582 678 2612 Macrob.:
704 2591 757 2611 em
775 2581 892 2612 Herm.
956 2591 1020 2618 ¹30
1045 2581 1131 2612 Gell.
1155 2589 1182 2618 1,
1204 2589 1256 2620 24,
1275 2590 1296 2620 4
1321 2581 1607 2621 (epigramma

178 2626 381 2661 Pacuvii)
419 2626 460 2656 cf.
486 2626 603 2657 Altlat.
629 2626 748 2657 inschr.
776 2635 869 2667 429s
925 2635 938 2657 1
968 2632 1081 2658 tamen
1104 2629 1170 2657 etsi
1190 2625 1339 2667 plerique
1373 2635 1498 2655 saxum
1523 2624 1604 2655 trad.

178 2677 196 2708 3
215 2672 362 2710 pacuvii
383 2669 414 2700 ll.
