1747 2865
217 102 269 150 38
835 106 869 135 Q.
894 106 1032 129 ENMvs
1084 130 1089 133 ,

516 213 615 250 rami
647 214 835 250 bacarum
865 213 1044 251 ubertate
1074 214 1355 260 incurvescere,

515 269 666 319 segetes
698 270 823 319 largiri
851 270 992 319 fruges,
1023 271 1165 308 florere
1197 272 1340 317 omnia,

186 341 200 366 5
517 326 646 364 fontes
678 333 839 371 scatere,
871 327 1002 364 herbis
1032 329 1146 376 praita
1176 329 1432 367 convestirier

216 387 295 422 275
330 382 426 433 (156
438 381 471 433 s)
513 383 610 432 quid
641 384 718 420 hoc
749 383 815 420 hic
847 384 1040 429 clamoris,
1071 385 1169 434 quid
1190 387 1345 422 tumulti
1367 388 1454 424 est?
1496 387 1644 425 nomen

1131 443 1199 491 qui
1228 444 1392 492 usurpat
1423 445 1585 481 meum?

513 496 609 544 quid
640 496 679 532 in
710 497 846 534 czistris
877 497 1026 546 strepiti
1057 500 1143 535 est?

215 557 294 592 276
328 551 470 602 (158s)
513 553 665 590 Hector
695 554 731 589 vi
762 566 918 591 summa
947 556 1122 592 armatos
1153 555 1289 592 educit
1322 553 1410 608 ffin]
1444 558 1548 594 foras

513 610 731 659 castrisque
762 617 889 648 castra
919 611 1017 648 ultro
1048 612 1128 649 iam
1159 608 1368 665 (con>ferre
1400 613 1569 663 occupat

215 670 293 705 277
329 664 421 716 (161
439 665 492 716 ss)
515 680 538 702 a
569 679 593 704 o
634 667 869 712 Patricoles,
910 669 962 704 ad
1003 669 1071 706 vos
1111 669 1329 707 adveniens
1373 670 1560 707 auxilium
1607 677 1646 708 et

1266 727 1416 764 vestras
1446 739 1587 764 manus

569 781 661 830 peto
703 781 934 830 priusquam
976 782 1123 831 oppeto
1164 784 1309 820 malam
1344 790 1498 833 pestem
1529 785 1643 821 mim-

1124 840 1261 876 datam
1291 840 1423 877 hostili
1455 853 1586 886 manu,

568 907 699 944 neque
740 895 898 944 szinguis
939 896 1019 932 ullo
1060 896 1163 945 potis
1203 903 1262 934 est
1292 903 1410 946 pacto
1442 898 1643 946 profluens

1358 954 1586 1000 consistere,

569 1009 599 1045 si
644 1008 712 1058 qui
754 1009 947 1058 sapientia
994 1010 1117 1059 magis
1157 1017 1289 1047 vestra
1328 1011 1432 1049 mors
1477 1011 1642 1048 devitari

1433 1074 1585 1117 potest:

569 1134 745 1171 namque
791 1122 1004 1172 Aesculapi
1054 1123 1267 1160 liberorum
1312 1125 1433 1162 saucii
1479 1126 1645 1174 opplent

180 1191 193 1216 5
1392 1182 1585 1231 porticus:

571 1248 653 1273 non
685 1236 814 1285 potest
844 1237 991 1274 accedi.
1024 1259 1078 1263 —

879 1293 984 1331 certe
1017 1294 1241 1343 Eurypylus
1272 1294 1338 1332 hic
1368 1296 1532 1344 quidem
1564 1301 1642 1333 est:

1113 1352 1319 1389 hominem
1351 1352 1585 1389 exercitum!

516 1406 536 1442 b
971 1409 1039 1457 qui
1070 1409 1180 1445 zilteri
1213 1409 1375 1445 exitium
1406 1415 1530 1458 parat,

567 1476 658 1500 eum
688 1463 790 1501 scire
811 1471 968 1514 oportet
989 1465 1063 1502 sibi
1084 1471 1267 1514 paratum
1288 1465 1442 1514 pestem
1462 1472 1505 1502 ut
1525 1466 1644 1515 parti-

1215 1522 1320 1571 cipet
1350 1535 1498 1572 parem.
1531 1545 1587 1549 —-

567 1580 752 1630 eloquere
794 1581 989 1629 eloquere,
1029 1579 1090 1616 res
1122 1580 1311 1629 Argivum
1349 1579 1498 1628 proelio
1530 1586 1572 1617 ut
1602 1592 1645 1617 se

1323 1637 1500 1673 sustinet.
1533 1659 1588 1663 ——

566 1707 649 1731 non
679 1694 809 1743 potest
841 1694 958 1731 ecfari
989 1693 1145 1730 tzintum
1177 1694 1288 1730 dictis
1312 1694 1508 1742 queintum
1529 1694 1642 1731 factis

1411 1751 1587 1799 suppetit

179 1824 192 1849 5
568 1804 712 1845 laboris

516 1879 534 1901 c
572 1865 638 1901 tibi
680 1866 839 1902 fortuna
886 1865 1069 1901 Hectoris
1114 1870 1291 1901 nostram
1338 1876 1470 1900 acrem
1517 1864 1644 1901 ⁶<ficiem

1185 1921 1415 1957 inclinatum
1447 1917 1586 1972 (dedit)

272 1983 293 2017 8
329 1978 442 2028 (173)
503 1978 591 2027 quis
622 1979 675 2015 ibi
706 1991 788 2015 non
820 1985 879 2016 est
910 1978 1136 2014 vulneratus
1168 1977 1270 2014 ferro
1303 1978 1448 2026 Brugio
1479 1998 1588 2014 ,ψ-

271 2039 295 2074 9
329 2034 443 2085 (175)
515 2035 667 2072 Hect‹;'›r
699 2036 765 2084 qui
797 2036 905 2072 haud
938 2041 1065 2072 cessat
1097 2034 1344 2072 obsidionem
1375 2035 1577 2071 obducere

213 2223 231 2254 3
258 2217 448 2252 baccarum,
479 2227 644 2247 vacarum
670 2226 699 2245 V.
726 2216 735 2245 l
783 2218 971 2247 ubertatem
996 2216 1087 2246 Non.
1136 2218 1364 2247 z'ncurw'scere
1388 2216 1498 2245 Nom:
1530 2217 1645 2245 incur-

214 2263 346 2294 bescere.
380 2263 619 2292 incurvasse-re
643 2260 734 2292 Cic.2
759 2272 788 2290 v.
815 2261 834 2291 l.
960 2271 1026 2298 275
1049 2261 1141 2292 Non.
1170 2260 1236 2301 489
1265 2262 1300 2297 -Ι-
1330 2268 1396 2300 490
1422 2259 1644 2298 (Hectoris

213 2306 346 2346 Lytra
379 2306 421 2336 ad
446 2307 662 2337 Homericam
694 2312 731 2337 ut
762 2307 916 2337 vident-ur
940 2306 1097 2337 Vahleno
1125 2307 1253 2348 poesim
1277 2306 1495 2344 conformata)
1544 2302 1644 2345 ‘Aga-

213 2352 400 2382 memnonis
424 2349 536 2382 verba’
559 2353 604 2383 V.
717 2355 784 2388 276
808 2353 1054 2393 Non.355,15
1109 2361 1120 2382 1
1149 2356 1206 2383 vi:
1229 2363 1257 2382 ez
1284 2351 1385 2382 trad.:
1419 2363 1471 2382 vez
1496 2350 1645 2405 Lindsay

216 2404 232 2425 2
264 2398 410 2428 Troz'anz'
424 2400 518 2433 1'·nfe7
520 2409 557 2428 re
572 2402 739 2438 occupant
756 2398 861 2427 Ribb.
928 2407 992 2434 277
1019 2397 1086 2429 Cic.
1099 2397 1107 2413 ¹
1129 2398 1227 2428 Tusc.
1248 2405 1278 2433 2,
1299 2396 1339 2436 38
1355 2407 1370 2427 s
1412 2403 1464 2437 a5
1491 2396 1533 2426 cf.
1552 2394 1645 2426 Cic.L

216 2449 296 2472 orat.
320 2450 378 2482 155
417 2442 649 2484 colloquuntur
664 2444 755 2483 Eury
758 2442 853 2483 pylus
872 2448 904 2473 et
921 2443 1102 2473 Patricoles
1138 2455 1158 2473 α
1173 2442 1192 2473 6
1204 2445 1297 2484 potis
1314 2441 1424 2473 Bothe
1457 2443 1643 2472 exercztzcm

215 2486 236 2518 i.
262 2484 446 2518 vexatum’
485 2491 502 2520 b
517 2497 534 2518 2
555 2494 726 2530 paratam
752 2489 835 2518 trad.
877 2491 927 2528 {74
946 2492 1038 2529 potis
1062 2489 1166 2519 Davis
1202 2489 1346 2530 ecfari(
1348 2488 1380 2518 vi
1397 2487 1537 2528 passiva)
1563 2486 1644 2516 vat.

216 2541 259 2561 m.
278 2542 342 2572 pr.:
380 2535 459 2564 lzaec
471 2536 562 2576 fam
582 2534 649 2564 rell.
698 2546 715 2564 c
738 2533 844 2574 suppl.
871 2534 977 2564 Ribb.
1095 2537 1162 2571 278
1187 2533 1255 2565 Cic.
1273 2534 1377 2564 Rosc.
1399 2541 1441 2571 90
1464 2530 1643 2562 cf.Sch01.

216 2576 511 2654 ἓῑοῃοπΜρέὸῃᾳ
552 2581 705 2621 plzrygzo
732 2579 812 2609 trad.
841 2580 891 2618 (cf.
919 2579 986 2610 Cic.
1012 2584 1094 2610 orat.
1126 2577 1201 2619 160)
1295 2587 1362 2616 279
1385 2578 1476 2609 Fest.
1506 2575 1568 2616 198
1602 2577 1643 2607 cf.

255 2632 319 2652 om.
