1747 2865
649 115 805 137 SCENICA
829 114 998 137 TRAGICA
1486 111 1509 149 8
1520 124 1532 149 1

104 226 183 261 122
217 222 314 273 (422
330 221 363 273 s)
684 223 762 259 fors
794 218 1031 267 dominatur,

160 306 164 310 -
404 291 540 329 neque
570 275 651 316 vita
681 279 747 315 ulli
777 280 937 328 propria
969 275 1011 315 in
1041 279 1119 315 vita
1151 285 1209 316 est

104 340 184 377 123
218 336 316 387 (424
404 368 430 374 ..
452 336 636 385 quisnam
660 333 836 373 mortalis
858 337 998 373 florem
1019 332 1188 373 liberum
1209 332 1351 373 invidit
1372 349 1507 374 meum
1524 338 1540 374 ?

105 397 184 433 124
217 393 314 443 (425
404 389 591 431 Oeneum
632 393 773 442 aliquis
814 389 918 431 cette
955 393 996 429 in
1037 398 1307 442 conspectum⁷
1348 389 1416 430 aut
1455 405 1542 439 nos,

320 392 332 443 )
921 450 988 487 ubi
1020 455 1089 495 est,
1121 445 1256 487 ducite
1287 451 1339 487 ad
1370 452 1482 488 eum!

107 512 184 547 125
218 506 334 558 (432)
405 504 540 557 neque
571 513 699 544 ratum
732 513 790 544 est
822 508 932 556 quod
965 503 1086 551 dicas,
1118 519 1252 556 neque
1283 520 1387 556 quae
1418 504 1542 557 agitas

1094 564 1253 600 dicendi
1286 561 1344 601 est
1374 565 1483 602 locus

323 620 334 671 )
407 617 560 658 credit?
593 634 657 658 me
688 622 803 658 amici
834 617 963 658 morte
993 616 1223 657 imbuturum
1254 623 1425 658 manus?

325 677 336 727 )
406 675 570 727 paratus
602 690 689 715 sum
721 678 846 714 ubivis
876 674 1012 726 petere
1043 683 1197 726 pestem
1227 674 1385 726 permiti

322 734 334 785 )
407 731 567 772 obviam
607 735 690 772 ensi
730 735 769 779 it,
811 747 930 784 quem
971 731 1185 772 advorsum
1225 741 1341 784 aptus
1373 732 1472 773 alter
1502 737 1541 772 in

1092 798 1281 841 promptu
1313 788 1485 842 o'ccupat

106 853 185 888 129
219 850 315 898 (437
331 848 364 899 s)
408 845 581 886 constitit
624 844 809 897 cogn‹'›vit
840 849 971 894 sensit,
1003 844 1188 885 conlocat
1217 861 1305 886 sese
1336 846 1377 886 in
1409 850 1541 887 locum

406 902 581 943 celsum:
628 906 720 942 hinc
765 906 948 942 manibus
993 902 1133 954 rapere
1178 907 1324 943 raudus
1375 903 1540 944 saxeum

1113 964 1265 1011 grande
1298 959 1336 999 et
1366 976 1484 1013 grave

107 1024 185 1060 130
219 1020 315 1069 (444
330 1019 364 1070 s)
406 1015 584 1069 gaudent
614 1026 774 1056 currunt
804 1016 1017 1064 celebrant,
1048 1020 1214 1056 herbam
1236 1016 1446 1057 conferunt
1468 1022 1541 1058 do-

1188 1073 1297 1122 nant,
1335 1084 1484 1123 tenent,

405 1129 478 1182 pro
506 1145 550 1170 se
573 1134 741 1182 quisque
764 1129 854 1170 cum
876 1145 1027 1170 corona
1049 1130 1198 1170 clarum
1219 1130 1402 1171 conestat
1422 1141 1544 1184 caput

108 1195 186 1230 131
221 1189 337 1240 (446)
407 1186 519 1227 cuius
552 1191 714 1228 exuvias
747 1186 785 1227 et
815 1203 1006 1227 coronam
1038 1191 1129 1227 huic
1160 1186 1383 1229 muneravit
1405 1188 1542 1241 virgini

107 1251 186 1287 132
219 1246 334 1298 (447)
407 1243 588 1284 remanet
627 1247 749 1297 gloria
789 1244 896 1296 apud
938 1260 1023 1284 me:
1057 1248 1219 1285 exuvias
1250 1244 1412 1297 dignavi
1443 1249 1541 1286 Ata-

1223 1301 1357 1342 lantae
1389 1307 1485 1343 dare

108 1365 187 1401 133
221 1359 336 1411 (450)
407 1357 505 1398 heu!
549 1373 617 1399 cor
656 1363 711 1398 ira
751 1357 863 1398 fervit
899 1373 1073 1406 caecum,
1114 1358 1290 1399 amentia
1321 1358 1454 1411 rapior
1484 1364 1540 1400 fe-

1338 1432 1484 1468 rorque

221 1474 288 1525 (45
296 1474 337 1525 5)
409 1487 514 1524 quae
545 1472 744 1512 vastitudo
776 1475 876 1512 haec
907 1471 975 1511 aut
1005 1476 1114 1512 unde
1144 1472 1289 1513 invasit
1319 1477 1444 1513 mihi?

109 1536 187 1572 135
221 1530 336 1582 (456)
408 1544 505 1569 cave
536 1529 728 1569 lassitudo
759 1528 955 1581 poplitum
987 1529 1128 1585 (tuum)
1161 1528 1318 1570 cursum
1349 1534 1452 1570 levet

109 1593 188 1628 136
222 1588 320 1639 (458
334 1587 367 1639 s)
411 1589 499 1638 quis
530 1585 613 1634 erit,
647 1590 714 1638 qui
746 1601 829 1626 non
860 1601 925 1626 me
953 1585 1156 1638 spernens,
1188 1586 1352 1628 incilans
1377 1591 1541 1639 probris,

409 1642 595 1683 sermone
626 1647 863 1683 indecorans
895 1642 999 1695 turpi
1029 1647 1135 1683 fama
1166 1643 1354 1684 differet?

109 1707 186 1742 137
223 1701 339 1753 (460)
411 1699 495 1740 erat
524 1704 622 1740 istuc
654 1699 774 1748 virile,
805 1704 906 1740 ferre
931 1699 1144 1740 advorsam
1175 1701 1376 1741 fortunam
1407 1706 1509 1742 facul

109 1764 188 1800 138
223 1758 338 1810 (466)
409 1761 508 1797 haut
539 1756 751 1809 quisquam
783 1760 887 1809 potis
919 1766 977 1797 est
1007 1756 1176 1798 tolerare
1207 1757 1468 1799 acritudinem

111 1821 190 1856 139
222 1815 337 1867 (469)
407 1814 502 1854 satis
533 1818 611 1854 iam
643 1818 793 1854 dictum
824 1823 893 1862 est,
927 1813 1060 1866 neque
1092 1829 1166 1867 ego
1198 1819 1392 1856 errantiae
1423 1815 1545 1855 animi

1064 1887 1186 1923 prave
1218 1871 1487 1924 morigerabor

115 2004 178 2025 122
202 1996 293 2026 Non.
315 1995 379 2036 362
429 1997 493 2034 illi,
519 2001 560 2027 ut
584 1998 643 2027 illi
663 2007 692 2026 v.
722 1998 739 2027 1.
788 2007 830 2027 an
854 2008 939 2028 unus
966 1999 1198 2029 tantummodo
1221 2000 1359 2030 versus?
1483 2008 1546 2036 123

109 2041 202 2071 Non.
218 2047 283 2081 500
311 2041 379 2072 Cic.
393 2042 492 2073 Tusc.
508 2050 540 2082 3,
556 2050 598 2072 20
622 2042 663 2072 cf.
678 2042 759 2073 Isid.
774 2043 848 2073 diff.
868 2042 934 2073 610
960 2043 1263 2086 (Melanippus)
1301 2048 1462 2087 quisnam
1476 2044 1545 2076 Cic.

110 2086 209 2116 Isid.:
236 2088 326 2117 unde
349 2092 413 2117 aut
436 2090 515 2128 quis
531 2088 642 2119 Non.:
669 2099 754 2119 num
773 2090 882 2126 (nam)
900 2092 978 2130 quis
994 2101 1061 2120 non
1079 2090 1186 2120 Ribb.
1229 2092 1386 2122 mortalis
1404 2101 1459 2121 om
1477 2090 1545 2122 Cic.

111 2131 192 2162 Isid.
241 2133 388 2163 liberum
413 2143 468 2163 orn
492 2133 572 2164 Isid.
622 2145 731 2164 meam
756 2134 847 2164 Non.
868 2133 900 2165 ll.
1006 2144 1070 2172 124
1093 2136 1185 2166 Non.
1206 2135 1247 2176 85
1296 2147 1438 2167 aeneum
1463 2136 1546 2167 trad.

114 2186 178 2214 125
202 2176 294 2208 Fest.
315 2184 379 2219 274
427 2190 534 2220 neque
561 2177 637 2220 <ea>
665 2179 756 2209 Voss
831 2182 896 2210 126
919 2180 1010 2210 Non.
1031 2188 1091 2221 521
1134 2183 1260 2213 credite
1283 2192 1313 2212 v.
1339 2181 1360 2212 1.
1404 2186 1548 2213 mortem

112 2222 194 2253 trad.
243 2234 351 2254 manu
374 2233 406 2253 v.
432 2223 452 2254 l.
565 2233 628 2261 127
653 2225 744 2255 Non.
766 2233 830 2264 219
871 2230 1011 2267 partem
1037 2228 1065 2257 ci
1089 2227 1171 2257 Mue
1213 2230 1393 2268 permities
1416 2227 1468 2258 ll.:
1495 2237 1547 2258 em

112 2267 219 2298 Ribb.
246 2278 285 2298 ex
311 2267 423 2299 lemm.
497 2272 561 2300 128
585 2271 676 2300 Non.
698 2278 763 2310 234
809 2273 907 2302 obvia
931 2283 1023 2302 mens
1048 2274 1150 2313 idque
1165 2272 1197 2303 ll.
1240 2270 1404 2314 ‘adeptus'
1485 2282 1550 2310 129

112 2313 204 2344 Fest.
228 2312 291 2354 265
337 2322 349 2344 1
370 2317 551 2346 constituit
573 2315 646 2346 cod.
690 2324 706 2346 2
726 2317 858 2347 roudus
876 2316 967 2347 cod.:
1006 2315 1152 2349 ‘saxum’
1172 2320 1343 2360 grandem
1360 2323 1391 2349 et
1403 2330 1550 2361 gravem

111 2359 186 2389 cod.
237 2367 302 2396 130
318 2359 409 2390 Non.
427 2366 491 2399 317
520 2361 763 2401 (Meleager)
806 2370 817 2391 1
839 2367 1022 2393 conterunt
1038 2374 1067 2393 v.
1086 2363 1106 2394 l.
1146 2372 1162 2393 2
1180 2369 1319 2400 constat,
1337 2368 1486 2395 conectat
1497 2364 1547 2394 ll.:

110 2405 304 2436 cohonestat
326 2404 470 2444 Bentley
566 2415 623 2443 131
653 2407 745 2437 Non.
764 2415 830 2447 499
927 2417 990 2445 132
1014 2409 1106 2439 Non.
1125 2416 1192 2449 470
1284 2418 1348 2447 133
1372 2410 1464 2440 Non.
1483 2416 1548 2450 503

110 2451 300 2492 fervorque
323 2449 355 2480 ll.
453 2459 517 2488 ¹34
540 2452 632 2482 Non.
663 2451 724 2493 184
764 2457 846 2484 aut:
869 2456 984 2485 animi
1003 2454 1032 2485 ci
1056 2454 1163 2485 Ribb.
1278 2464 1342 2492 135
1365 2456 1458 2486 Non.
1483 2454 1549 2496 336

106 2497 223 2536 poplit
246 2495 299 2527 11.:
319 2497 521 2537 populz'tum
538 2497 687 2538 Lindsay
750 2500 814 2535 136
837 2498 929 2530 Non.
951 2508 1014 2540 124
1059 2508 1071 2530 1
1100 2503 1166 2541 qui
1186 2503 1237 2531 rit
1258 2511 1289 2531 v.
1307 2500 1346 2531 l.:
1373 2504 1438 2543 qui
1457 2501 1550 2533 erit?

114 2540 220 2572 Ribb.
269 2538 471 2582 ‘increpans’
521 2550 538 2572 2
564 2544 721 2585 dffrret
751 2544 834 2575 trad.
951 2553 1014 2582 137
1038 2545 1129 2576 Non.
1160 2554 1218 2576 111
1269 2548 1373 2578 virile
1405 2549 1493 2579 istuc
1516 2547 1549 2578 ll.

114 2587 297 2662 αιίυοςῖςαηι
309 2587 439 2629 ferre?
464 2587 571 2620 Ribb.
691 2591 755 2626 138
779 2589 870 2621 Fest.
891 2589 956 2632 356
1000 2591 1342 2632 (Neoptolemus)
1390 2597 1454 2624 aut
1476 2593 1549 2624 cod.

115 2639 182 2669 139
241 2642 295 2663 on.
316 2640 379 2673 204

183 2691 312 2724 Diem,
334 2693 486 2719 Poetarum
508 2694 705 2720 Romanorum
724 2698 849 2720 veterum
869 2696 931 2722 rell.
1323 2695 1342 2726 6
