1747 2865
489 61 811 86 HEDYPHAGETICA
864 61 1103 85 EPICHARMVS
1467 69 1490 105 4
1495 69 1518 106 9

81 176 164 212 :395
196 173 266 219 (34
279 170 333 221 ss)
355 171 541 208 omnibus
572 176 615 207 ut
646 170 785 219 Clipea
815 176 990 219 praestat
1019 169 1188 206 mustela
1218 168 1381 205 marina.

354 240 485 266 mures
516 233 607 265 sunt
624 227 728 264 Aeni
748 224 1000 279 aspera(que)
1023 232 1154 264 ostrea
1176 226 1342 275 plurima
1368 224 1517 273 Abydi.

354 285 573 334 Mitylenae
595 291 653 321 est
674 290 820 333 pecten
838 284 1130 332 caradrumque
1150 283 1260 332 apud
1276 281 1518 319 Ambraciae

1357 339 1459 375 finis.

355 398 552 435 Brundisii
567 410 702 446 sargus
719 398 848 435 bonus
866 403 935 443 est,
953 397 1059 433 hunc
1075 408 1243 445 magnus
1258 396 1289 433 si
1306 397 1378 433 erit
1394 407 1515 433 sume.

354 455 573 504 apriculum
604 455 755 503 piscem
785 455 885 492 scito
916 455 1086 503 primum
1118 465 1206 490 esse
1236 453 1410 489 Tarenti.

353 512 527 549 Surrenti
549 512 706 560 elopem
729 512 791 548 fac
813 523 932 555 ernas,
952 511 1219 559 glaucumque
1239 516 1337 559 aput
1358 509 1515 547 Cumas.

354 569 450 618 quid
486 580 641 606 scarum
682 568 864 617 praeterii
904 569 1110 605 cerebrum
1152 567 1258 604 Iovis
1289 579 1420 616 paene
1450 578 1515 603 su-

1310 624 1457 672 premi:

355 682 535 719 Nestoris
565 683 618 719 ad
648 682 817 730 patriam
839 682 903 718 hic
924 681 1075 730 capitur
1096 692 1343 730 magnusque
1364 681 1514 717 bonus-

1357 749 1455 786 que:

353 796 603 832 melanurum
633 796 793 832 turdum
825 795 1101 844 merulamque
1132 795 1398 843 umbramque
1428 806 1513 830 ma-

1320 852 1455 888 rinam.

351 910 521 959 polypus
552 909 760 957 Corcyrae,
793 909 960 945 calvaria
989 908 1151 957 pinguia
1181 920 1360 952 acarnae,

351 978 536 1016 purpura,
568 966 755 1010 muricuh,
787 977 928 1010 mures,
960 966 1095 1002 dulces
1127 977 1289 1014 quoque
1321 965 1450 1001 echini

80 1029 163 1064 396
195 1024 281 1073 (45)
349 1024 444 1060 nam
476 1023 638 1060 videbar
668 1023 865 1060 somniare
905 1018 1029 1075 me(d)
1071 1034 1144 1070 ego
1186 1034 1274 1059 esse
1312 1022 1512 1058 mortuum

78 1085 162 1121 397
196 1079 283 1130 (46)
353 1077 485 1129 frigori
516 1076 654 1117 miscet
685 1080 857 1117 calorem
887 1085 1009 1128 atque
1039 1079 1198 1115 humori
1227 1079 1465 1115 aritt'idinem

83 1142 165 1178 398
197 1139 208 1184 ζ
215 1147 266 1186 54
279 1137 332 1187 ss)
356 1137 443 1175 istic
475 1142 533 1175 est
557 1137 588 1174 is
610 1137 761 1186 Iupiter
782 1149 903 1185 quem
925 1132 1029 1181 dico,
1061 1148 1181 1185 quem
1204 1135 1349 1173 Graeci
1369 1143 1513 1173 vocant

353 1195 495 1239 aerem,
527 1195 593 1243 qui
623 1193 763 1231 ventus
794 1199 852 1230 est
883 1200 922 1230 et
951 1193 1091 1238 nubes,
1122 1193 1248 1229 imber
1277 1194 1426 1242 postea,

353 1252 472 1300 atque
504 1263 553 1288 ex
581 1251 708 1288 imbre
737 1250 870 1299 frigus,
901 1256 1043 1287 ventus
1075 1250 1163 1299 post
1192 1250 1246 1295 fit,
1277 1262 1345 1287 aer
1365 1250 1510 1286 denuo.

351 1304 452 1345 haec
472 1328 501 1345 υ
520 1314 682 1357 propter
712 1308 863 1356 Iupiter
893 1313 984 1344 sunt
1013 1306 1088 1344 ista
1120 1319 1223 1355 quae
1254 1308 1341 1343 dico
1373 1307 1454 1352 tibi,

351 1365 431 1414 qua
451 1385 479 1401 υ
499 1364 674 1402 mortalis
705 1370 827 1413 atque
857 1365 973 1401 urbes
1003 1363 1222 1412 beluasque
1253 1364 1383 1401 omnis
1405 1365 1512 1401 iuvat

612 1513 668 1550 M.
702 1513 975 1551 PACVVIVS

111 1600 132 1633 1
194 1594 257 1643 (Ia
289 1594 397 1631 Ribb.
429 1592 537 1642 ητις.)
570 1594 675 1631 Iovis
708 1592 756 1629 ex
788 1593 966 1642 Antiopa
998 1593 1148 1642 Nyctei
1178 1592 1263 1629 nati
1295 1589 1407 1644 (duo)

109 1655 133 1690 2
194 1651 234 1701 (2
248 1651 302 1699 ss)
325 1651 552 1700 quadrupes
582 1651 807 1700 tardigrada
837 1650 998 1699 agrestis
1030 1650 1186 1686 humilis
1219 1650 1369 1698 aspera,

322 1708 430 1745 brevi
462 1708 602 1757 capite,
635 1708 786 1745 cervice
817 1707 1000 1756 anguina,
1031 1707 1194 1756 aspectu
1225 1707 1331 1751 truci,

325 1764 541 1802 eviscerata
570 1765 747 1801 inanima
777 1777 868 1801 cum
899 1764 1061 1801 animali
1092 1775 1204 1801 sono.
1240 1786 1286 1789 —

322 1822 376 1859 ita
407 1821 621 1871 saeptuose
652 1821 774 1858 dictio
805 1822 876 1858 abs
907 1820 946 1857 te
978 1822 1112 1858 datur:

323 1880 434 1928 quod
466 1879 690 1916 coniectura
721 1878 878 1927 sapiens
908 1890 1025 1927 aegre
1057 1874 1222 1914 contulit

322 1948 406 1973 non
436 1935 711 1984 intellegimus,
742 1935 819 1972 nisi
849 1935 880 1972 si
911 1941 1048 1984 aperte
1080 1934 1236 1971 dixeris.
1262 1957 1309 1960 -—

323 1993 484 2029 testudo

82 2090 149 2120 395
171 2080 275 2122 Apul.
292 2081 379 2122 apol.
400 2090 442 2121 39
480 2080 882 2122 (Hedyphageffica,
915 2081 957 2112 cf.
974 2080 1181 2112 Archestrati
1206 2080 1357 2111 Gelensis
1381 2089 1512 2111 carmen

82 2127 164 2158 varii
187 2126 331 2158 nominis
354 2125 570 2173 ἡδυπάθεια,
594 2125 839 2170 γαστρονομὶα,
863 2124 1097 2170 δειπνολογία,
1124 2124 1301 2169 ὀψοποιία)
1342 2125 1386 2156 ad
1408 2125 1513 2156 van'as

82 2172 207 2214 Apulei
229 2171 388 2203 librorum
413 2172 571 2203 lectiones
596 2177 629 2202 et
651 2171 861 2203 Archestrati
884 2172 1040 2213 reliquias
1064 2172 1108 2202 ad
1132 2171 1359 2202 testimonium
1381 2176 1512 2201 vocatas

81 2219 123 2249 cf.
141 2216 276 2249 Vahlen
292 2217 336 2248 ad
352 2217 373 2248 1.
391 2217 495 2248 Helm
513 2218 548 2248 in
568 2218 647 2248 edit.
664 2217 768 2258 Apul.
817 2220 885 2255 396
902 2217 969 2248 Cic.
984 2217 1076 2248 acad.
1101 2225 1129 2255 2,
1149 2224 1187 2258 51
1217 2215 1512 2257 (Epicharmus

82 2273 214 2295 carmen
238 2272 279 2294 ex
303 2262 437 2294 Graecis
461 2262 652 2304 Epicharmi
676 2269 796 2304 poetae
821 2264 1028 2304 expressum)
1121 2271 1187 2300 397
1212 2263 1308 2293 Varr.
1326 2262 1403 2303 ling.
1423 2268 1452 2302 5,
1470 2260 1514 2292 60

83 2311 220 2341 homorz'
239 2308 312 2339 cod.
383 2311 450 2346 398
474 2309 571 2339 Varr.
588 2308 667 2349 ling.
686 2315 716 2349 5,
735 2307 776 2349 65
827 2317 844 2348 3
871 2311 981 2340 ventis
997 2308 1070 2340 cod.
1111 2317 1132 2348 4
1156 2309 1252 2339 haece
1267 2307 1319 2338 vel
1330 2312 1514 2349 propterea

82 2354 178 2386 scrib.
220 2361 237 2395 5
264 2356 348 2395 quia
372 2354 401 2384 ci
426 2354 567 2385 Laetus:
593 2357 765 2395 quoniam,
790 2356 927 2395 quando
947 2353 988 2386 al.
1029 2356 1154 2385 iuvant
1176 2354 1216 2383 L.
1234 2353 1378 2394 Spengel

83 2410 96 2431 ι
116 2400 217 2431 Prob.
231 2400 334 2439 Verg.
348 2398 406 2429 ecl.
422 2407 452 2436 2,
467 2406 506 2439 25
535 2399 742 2440 (Antiopa
753 2423 761 2436 ,
779 2397 947 2445 Ἀντιόπη
961 2399 1143 2440 Euripidis)
1169 2403 1264 2429 natos
1276 2399 1358 2429 trad.
1406 2407 1426 2429 2
1444 2398 1512 2430 Cic.

83 2446 148 2477 div.
175 2454 205 2483 2,
228 2453 288 2485 133
319 2447 354 2482 -Ι-
384 2445 413 2485 (5
429 2448 454 2484 s)
481 2445 571 2475 Non.
593 2451 656 2483 170
718 2453 731 2475 1
756 2459 799 2471 Ξ
823 2445 915 2476 Tert.
933 2444 1009 2486 pall.
1028 2452 1047 2485 3
1107 2444 1149 2475 cf.
1166 2442 1264 2474 Le02
1283 2443 1321 2475 18
1360 2444 1514 2485 Amphio

81 2501 156 2524 cum
188 2491 298 2522 asticis
328 2489 528 2531 colloquitur
588 2499 605 2520 2
631 2493 740 2531 capite
771 2493 870 2521 brevi
889 2490 922 2520 ll.
983 2499 1004 2531 4
1026 2495 1203 2531 saeptuosa
1233 2491 1376 2521 dictione
1406 2490 1512 2521 Ribb.

82 2536 189 2578 possis
222 2538 280 2567 abs
313 2539 342 2566 te
377 2533 515 2577 <zktaec>
551 2534 646 2566 Leo²
705 2542 722 2576 5
747 2540 978 2573 consecutura,
1011 2539 1206 2567 consectura
1233 2534 1266 2566 11.
1305 2538 1439 2567 contuz't
1461 2535 1512 2566 vel

82 2584 231 2614 consulit
252 2580 396 2612 Vossius
444 2579 464 2611 6
487 2584 520 2612 si
541 2590 597 2611 om
620 2581 653 2611 ll.
679 2587 809 2622 praeter
837 2581 921 2612 duos

150 2641 277 2672 Diehl,
298 2641 452 2667 Poetarum
472 2641 669 2667 Romanorum
687 2644 813 2667 veterum
832 2640 895 2667 rell.
1285 2647 1305 2678 4

1537 469 1551 494 5

1535 924 1567 941 10
