1730 2861
313 544 547 574 Poetarum
584 544 877 574 Romanorum
913 548 1108 574 veterum
1145 542 1300 584 reliquias
1337 548 1414 585 post
1448 544 1633 576 Aemilium

199 600 368 632 Baehrens
401 600 534 631 edituro
565 610 652 631 nova
683 600 935 641 quodammodo
970 601 1188 632 fundamenta
1212 601 1358 632 iecerunt
1382 601 1408 631 Ι.
1434 600 1633 640 Vahlen,

199 658 254 688 Fr.
281 658 386 694 Leo,
411 657 467 689 Fr.
493 658 632 694 Marx,
657 657 717 688 viri
742 657 840 689 huius
865 658 937 688 aevi
962 657 996 688 in
1020 657 1138 689 litteris
1156 658 1284 689 Latinis
1309 658 1431 699 ingenii
1450 658 1634 690 subtilitate

199 721 232 746 et
268 715 417 746 doctrina
453 715 716 757 praeclarissimi,
756 715 813 756 qui
849 721 1081 746 recensuerunt
1117 720 1150 746 et
1184 721 1416 747 enarraverunt
1450 717 1632 748 carminum

199 772 499 803 vetustissimorum
533 777 634 813 atque
658 772 889 803 Saturniorum
921 782 1077 803 versuum
1106 772 1234 809 rudera,
1265 778 1298 803 et
1322 773 1496 804 Ennianae
1520 773 1632 814 poesis

199 829 354 870 reliquias
379 839 416 860 ac
442 829 478 860 C.
506 828 613 860 Lucili
641 829 834 860 carminum.

313 885 517 917 Gravissima
548 885 603 916 illa
636 885 767 927 linguae
801 886 940 917 Latinae
973 886 1222 928 litterarumque
1248 887 1482 918 Romanarum
1516 897 1632 918 monu-

198 948 310 974 menta
343 943 518 974 emendata
550 947 587 974 ut
618 943 783 974 iuventuti
814 943 1021 984 antiquitatis
1057 943 1226 975 studiosae
1258 944 1292 974 in
1323 944 1477 975 manibus
1510 950 1633 982 essent,

199 1009 428 1041 quaecumque
453 1000 615 1041 integram
640 1000 708 1030 fere
731 1000 931 1030 sententiam
948 999 1152 1031 exhibebant
1168 1010 1186 1031 e
1203 1001 1462 1041 fragmentorum
1480 1002 1632 1042 congerie

199 1057 346 1098 excerpsi
369 1062 470 1098 atque
495 1057 596 1098 selegi
620 1057 748 1088 adiecta
773 1062 903 1098 praeter
926 1056 1085 1088 lectiones
1110 1057 1216 1088 varias
1240 1067 1354 1098 pressa
1376 1057 1435 1088 ubi
1458 1068 1542 1099 opus
1560 1067 1634 1089 esse

198 1114 373 1145 videbatur
396 1114 680 1155 interpretatione.

312 1171 436 1212 Neque
452 1170 669 1202 secludendas
683 1181 756 1202 esse
780 1171 893 1201 censui
905 1171 946 1201 ab
962 1170 1024 1202 hac
1036 1170 1229 1212 anthologia
1240 1176 1413 1213 poetarum
1427 1171 1630 1203 scenicorum

198 1228 352 1269 reliquias
377 1227 540 1259 Thesauri
572 1228 704 1269 linguae
728 1229 867 1259 Latinae
899 1229 933 1258 in
964 1239 1061 1259 usum
1087 1229 1128 1259 ab
1154 1228 1317 1260 Ottone
1342 1228 1544 1259 Ribbeck
1568 1229 1630 1259 sub

198 1285 353 1327 auspiciis
388 1285 478 1316 divi
503 1286 729 1317 Francisci
754 1285 1000 1317 Buecheler
1030 1290 1107 1316 ante
1139 1286 1316 1317 duodecim
1349 1286 1417 1317 fere
1440 1285 1501 1316 hos
1525 1295 1631 1316 annos

199 1343 331 1373 tertium
373 1342 490 1382 editas,
532 1343 724 1384 praesertim
765 1353 839 1373 cum
876 1348 909 1374 et
945 1343 1068 1374 recenti
1103 1343 1209 1374 Nonii
1244 1342 1393 1374 Marcelli
1429 1343 1576 1374 editione
1612 1353 1632 1373 a

198 1399 420 1431 &Vallacio
460 1400 653 1441 Lindsay
689 1406 801 1431 curata
831 1405 863 1431 et
895 1399 1060 1436 Vahleni,
1103 1400 1247 1438 Leonis,
1290 1399 1460 1431 Skutschii
1490 1399 1629 1430 aliorum

198 1457 315 1488 studiis
350 1457 487 1488 scenicis
519 1458 731 1498 metricisque
763 1467 831 1488 non
864 1467 932 1488 uno
958 1462 1086 1488 tantum
1110 1458 1246 1488 nomine
1272 1457 1469 1498 tragicorum
1494 1466 1629 1497 quoque

198 1519 230 1544 et
263 1513 463 1544 comicorum
495 1519 668 1555 poetarum
701 1514 887 1555 fragmenta
910 1513 1068 1555 pleraque
1093 1514 1321 1546 emendatoria
1343 1513 1445 1545 hodie
1469 1513 1628 1554 legantur.

198 1570 322 1602 Contra
357 1576 486 1611 praeter
518 1570 750 1602 Atellanarum
786 1571 1032 1612 mimorumque
1067 1577 1218 1602 auctores
1249 1570 1478 1602 celeberrimos
1511 1575 1629 1611 poetas

197 1627 321 1658 liberae
353 1628 400 1658 rei
431 1627 582 1668 publicae
615 1627 757 1659 labentis
790 1628 896 1659 bonos
929 1627 1102 1669 malosque
1134 1628 1169 1658 in
1200 1627 1265 1658 hoc
1293 1627 1467 1658 concilium
1492 1636 1631 1658 evocare

198 1685 300 1722 nolui,
324 1695 367 1716 ne
391 1690 521 1726 praeter
543 1685 683 1716 modum
707 1684 771 1716 hoc
794 1685 952 1716 volumen
977 1690 1185 1716 accresceret.

310 1743 498 1773 Auctorum
530 1748 679 1773 veterum
704 1742 809 1784 sigilla
834 1748 998 1784 notasque
1023 1742 1149 1773 criticas
1174 1741 1337 1773 Thesauri
1360 1741 1380 1772 1.
1406 1742 1446 1772 L.
1471 1740 1571 1772 indici
1596 1741 1629 1771 in

197 1800 386 1830 universum
433 1800 683 1831 accommodavi
724 1805 757 1830 et
796 1799 963 1830 editorum
1002 1800 1076 1830 usui
1108 1799 1320 1841 pervulgato,
1361 1798 1488 1839 reliqua
1515 1802 1627 1828 autem

197 1861 353 1887 revocant
389 1857 432 1887 ad
464 1857 630 1888 editorum
661 1857 841 1888 recentium
879 1857 1025 1894 nomina,
1059 1867 1077 1888 e
1102 1857 1222 1898 quibus
1254 1855 1419 1887 notaveris
1466 1853 1558 1886 Leo¹
1585 1869 1628 1881 -—-

198 1913 268 1944 Der
302 1913 515 1945 Saturnische
546 1914 634 1945 Vers
670 1924 700 1944 v.
727 1914 782 1944 Fr.
809 1914 881 1944 Leo
907 1913 1020 1944 Berlin
1049 1922 1144 1955 1905,
1177 1912 1272 1945 Le02
1296 1927 1339 1939 =
1363 1912 1417 1943 De
1441 1911 1630 1952 Tragoedia

197 1970 360 2001 Romana
385 1970 646 2002 Observationes
670 1971 800 2002 criticas
823 1980 883 2002 scr.
910 1971 965 2001 Fr.
994 1971 1064 2002 Leo
1091 1970 1184 2002 Gott.
1207 1978 1301 2010 1910.
