1747 2865
629 90 859 116 SATVRARVM
891 90 1053 113 xm—xv
1477 97 1490 122 1
1505 97 1552 134 19

123 206 204 241 220
238 200 334 252 (467
351 200 385 251 s)
420 201 579 238 Publius
611 201 739 238 Pavus
769 200 866 236 mihi
895 202 915 243 †
947 200 1149 237 tubitanus
1180 204 1369 249 quaestor
1401 197 1555 234 Hibera

423 259 464 295 in
494 265 598 296 terra
628 259 709 303 fuit,
740 258 943 306 lucifugus,
974 257 1131 302 nebulo,
1163 257 1203 293 id
1233 267 1358 306 genus
1387 266 1485 292 sane

124 320 203 354 221
239 315 336 367 (409
349 314 383 365 s)
426 316 457 352 si
488 316 583 352 mihi
613 327 696 351 non
727 320 886 363 praetor
916 314 989 350 siet
1018 314 1178 350 additus
1199 320 1320 362 atque
1341 313 1460 361 agitet
1480 323 1555 355 me,

424 385 507 410 non
537 373 641 409 male
671 373 739 409 sit:
772 371 844 415 ille,
876 377 918 407 ut
949 372 1050 416 dico,
1082 383 1146 408 me
1178 375 1382 407 exenterat
1406 381 1509 406 unus

126 435 206 470 222
240 430 356 481 (471)
427 442 547 478 quem
592 436 746 465 metuas
787 440 918 476 saepe,
961 428 1161 464 interdum
1202 439 1324 476 quem
1365 432 1476 463 utare
1511 425 1556 462 li-

125 548 206 584 223
240 543 355 595 (473)
427 555 579 587 cenam,
631 543 782 591 inquin‚
833 543 980 579 nullam
1025 554 1159 590 neque
1205 542 1298 578 divo
1347 485 1557 590 pIiZIsiceirem

1484 597 1500 625 >

125 662 207 696 224
241 656 338 707 (474
352 656 385 707 s)
429 658 523 694 idne
563 669 681 705 aegre
717 664 776 693 est
806 657 940 705 magis,
981 668 1033 693 an
1064 656 1173 705 quod
1205 667 1310 704 pane
1342 598 1559 692 eutneirirslcere

1361 711 1501 761 privo?

426 767 551 820 ‘quod
592 771 718 807 viscus
759 771 928 807 dederas
969 777 1011 807 tu
1051 771 1224 819 quidem,
1265 770 1342 806 hoc
1383 775 1461 806 est:
1502 768 1558 804 vi-

1254 838 1365 863 scera
1395 822 1502 875 largi'

125 889 207 924 225
241 883 356 935 (476)
427 885 513 934 ipse
558 897 671 929 ecus,
716 897 799 921 non
844 886 1079 929 formonsus,
1125 884 1340 933 gradarius,
1386 883 1560 932 optimus

1370 946 1506 977 vector

127 1003 208 1038 226
241 997 340 1049 (480
352 997 406 1048 ss)
430 999 553 1035 multa
583 998 768 1036 homines
798 1004 982 1047 portenta
1011 999 1050 1034 in
1074 998 1243 1035 Homeri
1270 997 1446 1034 versibus
1468 997 1562 1033 ficta

428 1062 606 1093 monstra
644 1062 798 1104 putant,
841 1068 1011 1105 quorum
1042 1055 1082 1091 in
1125 1055 1259 1104 primis
1290 1054 1562 1103 Polyphemus

1310 1112 1504 1148 ducentos

429 1170 602 1219 Cyclops
633 1171 772 1220 longus
803 1171 949 1219 pedes:
993 1176 1031 1206 et
1061 1181 1180 1218 porro
1211 1169 1304 1205 huic
1334 1169 1459 1205 maius
1490 1169 1561 1204 ba-

1372 1226 1503 1262 cillum

431 1296 554 1333 quam
586 1285 712 1322 malus
744 1284 836 1321 navi
867 1297 889 1321 e
921 1284 1072 1321 corbita
1103 1284 1298 1320 maximus
1332 1283 1448 1319 ullast

128 1345 207 1381 227
243 1340 340 1392 (484
354 1340 408 1392 ss)
431 1342 640 1386 terriculas,
672 1341 841 1387 Lamias,
874 1341 1000 1377 Fauni
1032 1353 1130 1390 quas
1162 1340 1427 1389 Pompiliique

429 1398 632 1436 instituere
664 1398 835 1444 Numae,
866 1398 998 1435 tremit
1027 1398 1110 1442 has,
1142 1397 1205 1434 hic
1236 1396 1373 1434 omnia
1403 1396 1526 1445 ponit.

430 1461 474 1492 ut
505 1457 617 1505 pueri
646 1456 816 1493 infantes
848 1456 1015 1492 credunt
1045 1455 1157 1504 signa
1188 1454 1323 1491 omnia
1353 1465 1455 1490 aena

430 1514 560 1550 vivere
592 1519 631 1549 et
661 1525 747 1550 esse
778 1512 972 1557 homines,
1004 1512 1059 1549 sic
1089 1512 1151 1549 isti
1182 1511 1337 1548 somnia
1368 1511 1459 1547 ficta

430 1582 524 1607 vera
554 1576 707 1619 putant,
740 1571 908 1607 credunt
938 1570 1056 1618 signis
1088 1581 1156 1606 cor
1185 1569 1314 1605 inesse
1344 1568 1384 1604 in
1415 1568 1525 1604 aenis

432 1628 593 1677 pergula
622 1628 806 1664 fictorum
837 1627 917 1663 veri
948 1626 1056 1671 nihil,
1088 1626 1223 1663 omnia
1253 1626 1345 1661 ficta

131 1694 212 1729 228
245 1688 361 1740 (495)
433 1685 503 1721 scit
523 1681 765 1737 po<e)eticon
788 1696 884 1728 esse,
916 1684 1023 1720 videt
1052 1684 1186 1720 tunica
1217 1689 1255 1718 et
1286 1688 1378 1731 toga
1400 1682 1496 1731 quid
1518 1681 1566 1718 sit

130 1810 198 1832 220
232 1801 323 1831 Non.
363 1800 401 1831 18
443 1810 511 1830 non
542 1800 733 1840 Scipionem
767 1800 869 1841 loqui,
910 1798 969 1829 sed
1002 1798 1043 1839 Q.
1072 1798 1216 1828 Fabium
1245 1798 1431 1828 Maximum
1468 1805 1566 1836 quae—

130 1852 253 1877 storem
277 1846 432 1886 probavit
456 1845 588 1876 Cichor.
615 1852 678 1885 317
733 1854 745 1875 1
774 1847 977 1876 turbetanus
1000 1854 1030 1874 v.
1056 1844 1095 1875 l.:
1128 1845 1328 1875 Bubetanus
1352 1847 1468 1883 tempt.
1486 1841 1565 1871 Ma:

136 1893 336 1923 Turranius
360 1891 415 1922 alii
534 1900 595 1922 221
626 1891 728 1922 Macr.
754 1897 814 1922 sat.
841 1890 871 1928 6,
891 1900 922 1931 4,
942 1898 959 1920 2
997 1890 1037 1920 cf.
1064 1889 1155 1920 Serv.
1177 1891 1265 1919 Aen.
1284 1889 1315 1926 ὁ,
1333 1897 1376 1928 9ο
1423 1887 1568 1928 suspirat

131 1943 288 1978 quaestor
312 1937 448 1978 quidam
475 1937 577 1968 veluti
597 1937 635 1966 P.
654 1937 764 1968 Pavus
789 1937 851 1967 sub
875 1936 1016 1976 imperio
1041 1936 1200 1976 praetoris
1236 1944 1252 1965 2
1270 1938 1461 1965 extenserat
1484 1933 1566 1963 trad.

132 1991 199 2013 222
222 1983 314 2013 Non.
332 1982 395 2023 481
435 1994 534 2025 quem
559 1982 627 2012 scil.
647 1988 846 2023 praetorem
931 1990 997 2018 223
1020 1982 1111 2011 Non.
1132 1988 1196 2010 220
1233 1983 1351 2022 inquit
1373 1991 1403 2009 v.
1422 1979 1442 2009 l.
1486 1983 1568 2019 pro-

131 2032 255 2059 sectam
274 2028 376 2059 trad.:
402 2039 454 2059 em
471 2028 556 2060 Scal.
577 2039 594 2059 e
614 2029 729 2059 Varr.:
756 2025 845 2059 ‘exta
869 2039 955 2069 quae
978 2030 1051 2057 aris
1075 2029 1210 2057 dantur
1227 2038 1268 2057 ex
1279 2027 1385 2068 fibris
1396 2026 1568 2066 pecudum

130 2071 281 2104 dissecta’
386 2083 453 2110 224
477 2075 567 2105 Non.
598 2073 670 2114 184.
690 2081 756 2113 470
807 2082 819 2103 1
847 2076 948 2115 aegri
969 2072 1001 2102 ll.
1037 2075 1145 2103 vicere
1170 2070 1216 2103 Gl
1235 2075 1341 2113 privo
1366 2081 1425 2111 pro
1449 2070 1568 2100 adiect.

130 2118 233 2149 habet
248 2117 336 2149 Leo³
361 2119 422 2160 851
462 2120 504 2150 de
528 2120 676 2150 versibus
701 2119 752 2150 his
770 2119 976 2150 difficillimis
995 2127 1089 2159 egere
1106 2118 1165 2148 Ma
1187 2125 1245 2156 177
1261 2128 1292 2148 ss
1330 2116 1421 2148 Cich.
1443 2122 1504 2156 325
1516 2125 1566 2145 ss:

133 2164 174 2194 de
199 2165 416 2195 visceratione
440 2166 574 2196 Rornae
607 2165 731 2205 populo
765 2165 875 2196 danda
900 2165 1023 2205 cogitat
1049 2163 1153 2201 Cich.,
1179 2163 1221 2194 de
1245 2173 1279 2193 re
1303 2163 1392 2203 apud
1418 2163 1568 2192 Numan—

135 2210 214 2240 tiam
239 2216 311 2240 acta
335 2210 394 2240 Ma
418 2210 542 2241 Buech.
648 2220 715 2248 225
740 2211 832 2241 Non.
862 2217 898 2249 17
937 2221 1043 2251 equus
1067 2220 1097 2239 v.
1116 2209 1136 2239 l.
1174 2207 1284 2240 ‘molli
1300 2210 1419 2250 gradu
1443 2212 1476 2238 et
1497 2209 1570 2238 sz'rze

131 2259 373 2286 succussatura
397 2254 519 2287 nitens‘
544 2257 603 2287 sed
627 2257 668 2287 cf.
695 2256 787 2287 Cich.
813 2264 879 2296 34s
912 2259 1022 2286 victor
1046 2255 1078 2285 ll.
1127 2258 1194 2285 226
1224 2255 1316 2285 Nou.
1342 2261 1404 2294 533
1455 2263 1475 2293 4
1492 2253 1569 2293 legi-

133 2306 186 2331 tur
209 2301 243 2330 in
259 2310 359 2341 opere
376 2302 506 2332 musivo
523 2302 630 2332 musei
654 2302 836 2332 Tunesiani
853 2302 976 2340 (liber
995 2301 1087 2339 XV)
1123 2301 1164 2332 cf.
1184 2301 1288 2331 Hom.
1309 2311 1318 2331 ι
1340 2308 1402 2339 190
1411 2309 1444 2330 ss
1461 2306 1526 2338 319
1537 2308 1569 2328 ss

138 2355 149 2376 1
172 2348 268 2377 versi
270 2346 370 2387 ficta,
395 2348 589 2389 versificata
606 2348 689 2378 trad.
724 2356 740 2377 2
760 2349 924 2379 ducendos
943 2345 993 2377 L¹
1028 2354 1045 2386 3
1065 2347 1268 2377 bacclzz'llum
1286 2346 1368 2376 trad.
1417 2355 1436 2385 4
1455 2347 1571 2375 navic

132 2391 271 2422 musiv.:
291 2396 390 2424 navis
409 2396 445 2424 in
460 2394 493 2424 N
497 2403 550 2423 on.
560 2392 593 2423 ll.
625 2390 764 2424 ‘corbz'ta
779 2398 830 2424 est
841 2405 951 2435 genus
968 2395 1106 2434 nawgz'l'
1119 2394 1263 2423 tardum
1279 2400 1312 2423 et
1324 2387 1470 2433 grande’
1495 2391 1570 2421 ulla

134 2438 225 2468 Non.
243 2437 275 2466 ll.
342 2448 407 2475 227
426 2440 518 2469 Lact.
537 2439 612 2469 inst.
643 2447 669 2478 1,
690 2447 741 2475 22,
763 2447 800 2478 13
821 2440 899 2479 epit.
928 2447 966 2469 22
1017 2446 1061 2478 3s
1081 2453 1123 2463 Ξ
1140 2438 1231 2468 Non.
1254 2437 1293 2478 56
1347 2446 1357 2466 1
1392 2437 1569 2467 terricolas

133 2493 164 2513 v.
189 2483 229 2513 1.:
246 2480 392 2526 δείματα
426 2492 444 2524 3
461 2489 520 2515 ut:
536 2489 570 2514 et
588 2484 679 2514 Non.
720 2496 800 2515 enea
823 2485 916 2515 Non.
934 2495 964 2514 v.
983 2483 1021 2514 l.:
1042 2494 1136 2520 aena,
1156 2485 1280 2514 athena
1297 2483 1371 2513 sim.
1389 2483 1481 2513 Lact.
1499 2491 1529 2511 v.
1547 2481 1568 2511 l.

134 2537 155 2568 4
179 2531 296 2560 omnia
329 2530 410 2561 trad.
461 2538 477 2571 5
513 2531 641 2566 altenis,
675 2531 794 2561 lmenis
818 2541 848 2561 V.
874 2530 894 2560 l.
944 2530 963 2560 6
982 2531 1131 2570 percula
1162 2529 1241 2569 epit.
1284 2531 1459 2570 pictorum
1486 2527 1568 2558 trad.

127 2577 226 2614 picta
249 2575 329 2615 epit.
432 2579 499 2607 228
524 2576 615 2606 Non.
636 2575 700 2615 536
748 2578 900 2606 tunscam
923 2575 955 2605 ll.
996 2573 1159 2616 <textor-25
1177 2577 1345 2615 pectinem
1371 2571 1566 2613 aduncum>

133 2619 242 2661 suppl.
263 2620 323 2652 Ma
354 2626 489 2662 poetam
514 2620 750 2662 philosophum
776 2621 910 2652 irridere
934 2626 1025 2652 ratus
