1747 2865
649 138 806 162 SCENICA
830 138 998 161 TRAGICA
1490 134 1512 171 8
1518 144 1539 181 3

411 243 586 297 pectene,
618 247 779 284 Achivis
809 244 1000 284 classibus
1031 248 1182 292 ductor,

410 305 538 354 gravis
569 301 782 341 Da'zrdaniis
811 300 998 354 gentibus
1028 305 1142 349 ultor,

412 357 645 399 Laertiade!

116 415 241 470 155]ss
264 418 361 467 (525
375 416 427 469 ss)
449 432 473 455 a
502 438 740 456 ψψ-ψυ-
762 414 932 455 Lemnia
961 424 1120 467 praesto

497 471 611 512 litera
641 487 737 520 rara,
770 481 808 512 et
838 472 944 512 cels&
976 475 1165 512 Cabirum

498 528 664 569 deh'ibra
694 538 817 577 tenes,
848 528 1036 581 mysteria
1067 544 1172 580 quae

497 585 664 638 pristina
694 589 810 626 castis
842 585 1038 637 concepta
1068 589 1186 625 sacris

443 646 463 683 b
493 642 688 683 Volcania
719 642 827 698 (iam)
858 643 1008 695 templ&
1039 647 1111 682 sub
1142 646 1236 694 ipsis

498 699 675 748 collibus,
707 704 747 739 in
778 715 879 752 quos
910 700 1062 739 dele'ttus
1093 703 1202 739 locos

498 756 641 796 dicitur
671 760 751 796 alto
781 761 832 796 ab
863 756 1015 796 lumine
1046 760 1142 796 caeli

450 831 468 853 c
498 829 640 853 nemus
672 812 875 865 expirante
906 813 1054 866 vapcssre
1086 817 1207 861 vides,

497 874 607 910 unde
638 869 738 922 ignis
770 874 874 910 cluet
904 871 1136 911 mortz'tlibus
1168 874 1269 910 clam

499 927 670 967 divisus:
705 943 796 967 eum
828 926 955 968 dicti'ls
987 931 1249 968 Prometheus

497 983 685 1036 clepsisse
717 988 811 1024 dolo
843 984 1078 1036 poenzisque
1109 988 1195 1024 Iovi

554 1045 636 1081 fato
669 1040 907 1093 expendisse
938 1041 1125 1093 supremo

114 1105 190 1140 157
226 1098 341 1150 (538)
413 1113 534 1150 quem
563 1097 698 1150 neque
728 1102 826 1138 tueri
858 1098 997 1138 centra
1028 1114 1102 1138 nec
1132 1098 1259 1138 adfari
1292 1114 1414 1151 queas

115 1162 192 1197 158
226 1156 341 1208 (541)
412 1165 550 1195 contra
582 1154 641 1195 est
672 1159 848 1195 eundum
881 1154 1027 1195 cafitim
1059 1164 1098 1195 et
1128 1155 1372 1208 captandfim
1404 1159 1499 1195 mihi

114 1219 192 1254 159
225 1214 323 1265 (549
336 1213 390 1265 ss)
885 1216 997 1252 iaceo
1028 1216 1067 1251 in
1097 1222 1202 1252 tecto
1234 1212 1381 1260 fimido,

413 1273 523 1321 quod
555 1267 701 1308 eiulatu
732 1268 875 1321 questu
904 1273 1054 1321 gemitu
1084 1269 1303 1310 fremitibus

415 1325 645 1366 resonssndo
676 1335 830 1365 mutum
861 1325 1001 1366 flebilis
1032 1325 1150 1366 voces
1180 1331 1300 1367 refert

226 1385 238 1436 <
412 1439 571 1480 veneno
602 1443 764 1480 inbutae
795 1439 942 1480 taetros
975 1439 1168 1480 cruciati'is
1200 1444 1303 1481 cient

227 1498 342 1549 (554)
413 1501 499 1549 quis
540 1506 582 1536 tu
619 1496 659 1537 es
691 1500 876 1544 mortalis,
909 1501 975 1549 qui
1007 1496 1048 1536 in
1079 1501 1236 1538 deserta
1268 1507 1306 1538 et
1336 1496 1478 1550 te'squa
1508 1510 1547 1538 te

1155 1554 1343 1606 adportes
1370 1559 1486 1594 loca?

115 1617 193 1653 162
227 1612 342 1664 (556)
412 1609 639 1662 contempla
667 1614 771 1650 hanc
792 1615 942 1659 sedem,
970 1615 1009 1650 in
1032 1626 1110 1663 qua
1132 1610 1205 1663 ego
1227 1626 1374 1651 novem
1396 1615 1547 1653 hiemes

1043 1668 1141 1708 sz'ixo
1173 1678 1316 1708 stratus
1347 1667 1489 1720 pertuli

228 1726 322 1777 (562
338 1726 391 1777 ss)
414 1728 513 1764 heu!
547 1723 615 1776 qui
647 1728 756 1764 salsis
786 1724 973 1765 fluctibus
1005 1729 1169 1765 mandet

413 1797 479 1821 me
510 1796 558 1820 ex
589 1780 759 1821 si'iblimo
790 1781 938 1821 vertice
969 1786 1078 1821 saxi?

412 1841 491 1878 iam
522 1842 601 1877 iam
633 1838 839 1878 absumor:
873 1837 1034 1878 conficit
1064 1842 1239 1878 animam

471 1898 527 1935 vis
559 1894 740 1943 vdlneris,
772 1899 911 1935 ulceris
941 1895 1074 1935 aestus

113 1995 130 2027 3
158 1991 279 2018 auctor
301 1987 334 2017 ll.
405 1986 508 2029 ¹55s0
532 1989 666 2027 (1—10)
693 1988 790 2019 Varr.
807 1987 885 2028 ling.
906 1995 934 2026 7,
958 1996 991 2018 11
1026 1991 1059 2024 -ι-
1091 1988 1224 2027 (8-12)
1251 1987 1318 2019 Cic.
1336 1989 1434 2019 Tusc.
1455 1997 1484 2025 2,
1504 1997 1543 2028 23

113 2044 134 2063 a
148 2040 165 2072 3
195 2037 284 2064 tenes
308 2033 399 2064 cod.:
426 2037 498 2064 tues
515 2032 625 2073 Bergk
665 2042 685 2073 4
709 2036 830 2064 castris
848 2033 920 2064 cod.
963 2034 1169 2064 continuavit
1184 2034 1250 2064 iam
1272 2034 1312 2064 G.
1332 2035 1546 2065 Hermannus

115 2084 195 2118 trag.
210 2078 273 2109 ine.
286 2078 350 2108 inc.
364 2078 424 2119 frg.
439 2079 635 2109 XXXVII
652 2088 669 2108 e
689 2078 756 2109 Cic.
775 2084 842 2109 nat.
859 2079 949 2109 deor.
975 2087 1001 2115 1,
1024 2087 1085 2119 119
1102 2078 1238 2110 hausto:
1266 2084 1430 2111 nocturno
1447 2082 1546 2111 aditu

114 2125 243 2154 occulta
266 2125 432 2154 coluntur
450 2125 666 2155 silvestribus
683 2126 839 2165 saepibus
854 2126 957 2155 densa
1009 2127 1026 2155 b
1051 2133 1063 2154 1
1092 2126 1243 2166 uolgana
1259 2125 1332 2155 eod.
1361 2124 1440 2167 (en)
1469 2127 1503 2156 V.
1523 2130 1544 2156 t.

115 2168 227 2209 Bergk
283 2171 301 2199 b
319 2177 337 2208 3
367 2171 484 2200 limine
511 2169 586 2200 edd.
634 2181 651 2200 c
670 2178 687 2199 2
714 2173 807 2211 zgnes
831 2169 927 2200 Varr.
954 2170 1027 2200 cod.
1075 2171 1163 2201 cluet
1187 2170 1284 2200 Varr.
1311 2171 1410 2202 Ald.:
1435 2173 1549 2202 clauet

114 2214 211 2244 Varr.
231 2214 322 2244 cod.:
347 2216 464 2252 clucet,
489 2217 596 2253 ducet,
625 2216 713 2246 lucet
737 2215 805 2246 Cic.
822 2214 854 2245 ll.
903 2216 991 2246 clam
1016 2225 1071 2246 om
1096 2216 1192 2246 Varr.
1242 2223 1260 2255 3
1286 2218 1424 2247 dz'vz'sur
1448 2217 1544 2247 Varr.

114 2259 186 2290 cod.
228 2261 345 2290 doctus
369 2259 402 2291 ll.
425 2265 554 2301 praeter
574 2261 674 2291 Brux.
701 2270 718 2290 e
742 2271 824 2292 corr.
850 2266 882 2291 et
899 2260 1072 2292 Cratands.
1114 2268 1130 2301 5
1154 2262 1255 2301 furti
1267 2261 1410 2301 Bentley
1483 2271 1546 2299 ¹57

115 2305 217 2336 Macr.
232 2310 292 2335 sat.
308 2303 339 2342 6,
357 2313 384 2342 1,
400 2312 438 2346 55
478 2308 613 2336 intueri
628 2305 737 2337 CFW
751 2306 894 2336 Mueller
929 2318 1035 2348 neque
1036 2308 1126 2349 sarz'
1136 2307 1243 2337 Ribb.
1295 2310 1359 2344 158
1376 2308 1465 2338 Non.
1482 2315 1545 2348 512

113 2353 281 2392 captando
305 2361 335 2380 V.
362 2350 395 2387 1.,
419 2351 511 2391 quod
535 2351 689 2382 defendit
712 2356 745 2382 et
767 2351 878 2382 deleto
902 2351 1045 2382 Bothius
1141 2361 1205 2389 ¹59
1229 2352 1296 2383 Cic.
1320 2351 1439 2384 ¹Tusc.
1456 2361 1485 2390 2,
1503 2361 1545 2393 33

116 2404 160 2427 25
177 2411 220 2422 =
240 2393 320 2426 ²fin.
342 2404 370 2433 2,
388 2404 431 2436 94
478 2405 491 2426 Ι
522 2399 607 2428 iacet
631 2396 717 2428 Cic.:
744 2396 812 2427 scil.
832 2398 1020 2428 Philocteta
1068 2399 1148 2428 lecto
1175 2398 1241 2428 Cic.
1268 2398 1300 2428 ll.
1350 2407 1367 2438 3
1394 2401 1546 2430 multum

115 2439 252 2472 Cic.1ll.
268 2447 351 2482 optt.
397 2444 462 2472 160
476 2441 544 2472 Cic.
559 2440 638 2473 ¹fin.
653 2450 681 2479 2,
696 2450 739 2483 94
758 2440 876 2473 2Tusc.
892 2451 922 2479 2,
940 2451 979 2483 19
997 2443 1090 2473 Non.
1106 2451 1170 2483 324
1212 2452 1223 2473 1
1239 2455 1317 2474 cum
1331 2443 1398 2475 Cic.
1410 2442 1423 2460 ²
1436 2445 1545 2475 Non.:

114 2490 174 2518 cuz·
194 2485 286 2518 Cic.¹
333 2498 375 2518 ex
398 2488 509 2518 Non.:
537 2497 592 2518 om
618 2486 710 2518 Cic.1
750 2490 828 2519 bene
847 2488 938 2519 Non.
956 2488 989 2519 ll.
1032 2497 1048 2518 2
1077 2491 1207 2520 imbuta
1233 2491 1306 2526 (est)
1331 2494 1431 2521 etero.
1472 2490 1545 2520 sim.

115 2533 208 2564 Non.
224 2532 258 2563 ll.
305 2535 405 2570 ciens,
429 2535 533 2564 sciens
558 2533 649 2564 Non.
671 2533 703 2563 ll.
757 2540 829 2573 159.
854 2534 914 2564 160
938 2534 1110 2565 continuat
1135 2535 1253 2564 Herm.
1361 2540 1418 2566 10¹
1448 2536 1546 2567 Varr.

116 2577 193 2618 ling.
220 2585 251 2618 7,
281 2587 316 2608 11
352 2579 381 2608 F
385 2583 444 2609 est.
474 2577 540 2618 356
590 2583 674 2610 tesca
706 2579 802 2609 Varr.
837 2579 910 2610 cod.
958 2581 1119 2620 adportas
1151 2580 1242 2611 Fest.
1275 2580 1368 2612 cod.:
1402 2587 1548 2622 appones

115 2623 212 2654 Varr.
238 2624 311 2655 cod.
391 2626 454 2654 162
479 2624 570 2654 Non.
589 2623 654 2664 469
704 2636 824 2655 navem
850 2625 998 2666 plerique
1047 2630 1125 2656 taxo
1150 2625 1182 2656 ll.
1208 2631 1338 2666 praeter
1362 2627 1412 2657 Ba
1484 2629 1547 2664 163

117 2668 185 2700 Cic.
203 2669 301 2701 Tusc.
323 2678 352 2708 2,
374 2677 413 2708 19
454 2669 627 2707 (exclamat
651 2669 850 2709 Philocteta>
901 2679 917 2700 2
943 2672 1086 2702 sublimi
1106 2681 1135 2701 v.
1162 2671 1182 2701 l.

1298 2728 1342 2759 6*
