1747 2865
206 134 219 160 1
234 135 282 171 14
803 126 834 149 C.
860 125 1025 148 LVCILIVS

203 239 280 274 157
315 233 459 285 (3318)
505 235 615 283 quod
646 234 845 278 deformis,
877 245 1001 270 senex
1030 233 1251 270 arthriticus
1281 246 1327 271 ac
1356 236 1605 285 podagrosus

501 296 569 335 est,
603 291 714 339 quod
745 302 910 327 mancus
931 291 1140 339 miserque,
1175 291 1294 338 exilis,
1325 292 1464 329 ramite
1489 305 1635 343 magno

206 352 283 386 158
317 345 434 396 (333)
505 348 696 392 scaberat,
728 353 771 384 ut
800 359 944 396 porcus
975 348 1151 384 contritis
1181 349 1323 385 arbore
1353 350 1471 385 costis

204 409 281 444 159
316 404 327 453 (
333 414 354 451 3
360 415 412 451 34
426 403 459 453 s)
507 404 538 441 si
568 404 664 440 nihil
694 405 747 441 ad
776 405 919 441 faciem
941 410 979 441 et
1000 404 1030 441 si
1052 405 1145 441 olim
1168 405 1260 454 lupa
1281 406 1636 455 prostibulumque,

501 462 655 498 nummi
686 473 787 510 opus
818 467 938 510 atque
970 461 1054 498 obsi

204 522 282 556 160
317 516 460 566 (3368)
503 519 656 567 arripio,
690 524 728 555 et
758 524 927 555 rostrum
957 519 1172 567 labeasque
1204 519 1282 555 hoc
1312 519 1543 556 vociferanti

503 576 682 623 percutio
714 576 938 623 dentesque
969 576 1162 612 advorsos
1193 575 1362 613 discutio
1395 576 1523 613 omnis

205 635 281 670 161
317 630 484 681 (33888)
508 644 591 669 non
621 632 722 668 haec
753 632 849 681 quid
880 632 1020 676 valeat,
1053 633 1199 681 quidve
1230 632 1307 669 hoc
1335 633 1510 670 intersiet
1531 634 1636 677 illud,

503 689 718 738 cognoscis.
756 689 925 738 primum
945 689 1033 733 hoc,
1056 691 1167 738 quod
1189 690 1356 726 dicimus
1379 702 1466 727 esse
1481 702 1637 739 poema.

503 758 592 794 pars
625 753 683 782 est
714 758 836 794 parva
876 758 1023 794 poema

205 805 284 840 162
319 805 412 851 (341
431 801 485 851 88)
507 822 577 839 ,υ
599 803 763 851 epistula
795 804 889 839 item
922 803 1085 852 quaevis
1116 815 1198 840 non
1229 815 1375 852 magna
1401 816 1547 852 poema
1569 810 1637 841 est.

503 860 568 896 illa
598 861 731 908 poesis
763 872 863 909 opus
895 866 1035 904 totum,
1069 857 1301 911 (totaffquefl
1336 861 1428 897 Ilias
1459 873 1539 897 una

504 923 572 961 est,
604 929 684 953 una
714 923 756 953 ut
783 916 899 961 θέσις
921 918 1085 954 annales
1108 916 1228 966 Enni)
1251 924 1372 966 atque
1394 930 1494 966 opus
1515 931 1637 954 unum

505 980 572 1018 est,
605 974 730 1010 maius
762 975 887 1011 multo
910 980 968 1011 est
993 986 1113 1023 quam
1135 975 1246 1023 quod
1267 975 1347 1010 dixi
1367 981 1460 1012 ante
1481 987 1638 1024 poema.

505 1043 584 1079 qua
624 1037 785 1080 propter
820 1032 931 1068 dico:
975 1044 1095 1068 nemo
1138 1031 1203 1080 qui
1237 1032 1370 1080 culpat
1401 1032 1638 1076 Homerum,

505 1093 700 1137 perpetuo
742 1089 883 1137 culpat,
924 1100 1058 1136 neque
1100 1090 1209 1137 quod
1242 1088 1322 1124 dixi
1353 1094 1447 1125 ante
1476 1089 1637 1137 poesin:

506 1158 662 1182 versum
695 1158 818 1181 unum
850 1146 993 1195 culpat,
1025 1146 1201 1190 verbum,
1234 1151 1473 1194 entymema,
1506 1147 1637 1182 locum

1427 1199 1579 1255 (unum)

207 1261 286 1297 163
319 1257 416 1307 (349
431 1256 464 1307 8)
1296 1260 1434 1296 labora

505 1316 668 1360 discere,
699 1328 751 1353 ne
781 1323 820 1353 te
850 1329 911 1353 res
942 1317 1028 1365 ipsa
1057 1329 1104 1353 ac
1134 1316 1233 1353 ratio
1264 1316 1349 1364 ipsa
1379 1317 1530 1354 refellat

208 1376 286 1411 164
320 1370 463 1422 (3518)
506 1373 541 1408 Α
583 1373 754 1421 primum
791 1380 858 1418 est,
900 1374 993 1410 hinc
1023 1374 1220 1422 incipiam,
1267 1380 1305 1409 et
1341 1385 1445 1422 quae
1475 1374 1639 1410 nomina

1295 1431 1346 1467 ab
1372 1431 1449 1467 hoc
1479 1436 1580 1475 sunt,

506 1486 653 1524 deinde

207 1547 285 1581 165
321 1542 358 1592 (3
367 1553 416 1590 52
431 1542 485 1592 88)
512 1538 562 1579 ‘A
580 1541 763 1592 primum*
782 1545 908 1593 longa,
937 1540 1045 1596 Cab’)
1068 1545 1196 1581 brevis
1218 1545 1376 1593 syllaba.
1414 1557 1487 1582 nos
1503 1551 1638 1581 tamen

1458 1614 1582 1638 unum

507 1658 584 1694 hoc
616 1658 804 1695 faciemus
836 1665 875 1695 et
905 1671 987 1695 uno
1019 1659 1245 1707 eodemque
1271 1664 1314 1694 ut
1334 1658 1500 1695 dicimus
1521 1664 1641 1708 pacto

507 1715 721 1752 scribemus
743 1711 917 1764 ‘pacemz
948 1716 1124 1764 placide,
1158 1715 1312 1760 Ianum,
1339 1715 1516 1752 aridum:
1549 1728 1638 1752 ace-

1471 1768 1582 1817 tum’,

509 1827 637 1883 τΑριες
669 1828 799 1884 γΑρες
831 1830 973 1868 Graeci
1004 1838 1047 1868 ut
1081 1832 1230 1868 faciunt

209 1890 288 1925 166
321 1885 436 1936 (356)
507 1889 668 1933 fervere,
701 1901 752 1925 ne
783 1889 954 1938 longum.
1006 1900 1122 1925 vero:
1156 1889 1233 1925 hoc
1254 1888 1463 1925 lectoribus
1485 1888 1640 1924 tradam

208 1948 284 1983 167
321 1942 435 1994 (357)
507 1946 621 1982 fervit
651 1958 755 1995 aqua
778 1952 816 1982 et
833 1946 968 1990 fervet,
1000 1946 1113 1982 fervit
1133 1958 1251 1990 nunc,
1283 1946 1406 1982 fervet
1422 1945 1473 1981 ad
1489 1957 1641 1981 annum

208 2065 270 2093 157
296 2057 388 2087 Non.
410 2055 471 2087 166
525 2066 536 2087 Ι
565 2061 755 2098 apopitz'tus
779 2057 831 2089 vel
866 2057 1068 2099 apffpz'titns
1101 2058 1183 2089 trad.
1217 2069 1255 2088 as
1288 2057 1323 2098 (i.
1355 2060 1403 2096 ac)
1436 2061 1642 2099 potagrosus

205 2102 287 2132 trad.
339 2110 355 2131 2
383 2106 509 2133 ramice
533 2113 562 2132 v.
582 2103 621 2133 1.;
643 2100 789 2134 ‘hirnea’
867 2106 931 2141 ¹58
955 2104 1057 2134 Prisc.
1085 2104 1146 2135 GL
1170 2104 1206 2134 Π
1231 2110 1293 2144 507
1369 2112 1434 2140 ¹59
1457 2103 1547 2133 Non.
1577 2102 1641 2143 498

207 2155 223 2176 2
251 2150 353 2178 numi
367 2147 419 2178 vel
437 2152 579 2180 numini
595 2149 676 2179 trad.
714 2152 799 2180 obsit
822 2149 873 2180 11.;
910 2159 962 2179 em
988 2150 1076 2180 Leo:
1103 2150 1123 2179 i.
1152 2147 1260 2192 ὅψουε
1284 2151 1376 2180 subit
1402 2149 1461 2179 Ma
1580 2150 1646 2179 160

205 2194 295 2223 Non.
322 2200 385 2233 455
441 2202 452 2223 1
483 2196 555 2225 labe
578 2199 680 2236 atque
704 2197 765 2226 lzoc
789 2197 972 2237 zeferz'atz'n
998 2195 1080 2226 trad.
1201 2197 1258 2225 161
1288 2195 1380 2225 Non.
1406 2193 1471 2235 428
1526 2202 1537 2224 1
1565 2195 1644 2225 haec

206 2238 273 2269 scil.
297 2242 408 2280 poesis
443 2241 585 2271 valeant
608 2240 745 2271 Lachm.
780 2243 860 2272 huic
885 2241 911 2271 Ι.
938 2241 1054 2271 Dousa
1088 2241 1131 2271 ad
1154 2251 1223 2271 rem
1249 2240 1290 2271 cf.
1315 2241 1375 2270 Ma
1404 2248 1465 2278 129
1475 2249 1506 2270 ss
1580 2242 1642 2270 162

207 2284 297 2314 Non.
324 2283 389 2324 428
429 2295 504 2316 cum
540 2286 751 2317 antecedenti
783 2286 955 2317 coniunxit
986 2286 1046 2317 Ma
1095 2294 1111 2316 2
1147 2290 1283 2327 totaque
1315 2287 1377 2316 illa
1399 2296 1536 2316 summa
1561 2285 1641 2315 trad.

208 2337 225 2369 3
253 2334 295 2360 ut
317 2329 435 2368 θὲσιςῑ
461 2330 561 2369 θέσις
586 2336 629 2362 ut
652 2332 752 2362 trad.:
780 2344 851 2363 una
871 2335 979 2373 poesis
1003 2337 1044 2362 ut
1060 2333 1183 2362 Munro
1221 2337 1323 2372 opus:
1348 2336 1416 2362 stoc
1440 2330 1541 2361 trad.:
1561 2327 1643 2367 ἔπος

208 2375 343 2407 Lachm.
393 2375 412 2406 6
438 2380 556 2418 poessn
590 2380 765 2408 inversum
799 2377 880 2408 trad.
933 2384 949 2415 7
977 2382 1168 2419 entymema
1202 2379 1398 2408 tsmaloczcm
1423 2376 1522 2407 trad.:
1547 2387 1572 2405 e.
1596 2376 1642 2405 lo-

207 2432 327 2451 cumve
351 2421 489 2452 Lachm.
556 2425 620 2459 163
644 2424 735 2454 Non.
764 2422 827 2454 286
880 2431 891 2452 Ι
906 2433 920 2453 8
945 2425 1070 2454 discere
1094 2424 1213 2454 labora
1237 2434 1278 2453 ne
1302 2434 1355 2453 res
1379 2427 1410 2453 te
1434 2421 1514 2452 trad.
1580 2423 1645 2456 164

207 2466 281 2496 Ter.
309 2466 419 2497 Scaur.
454 2467 514 2498 GL
543 2468 615 2499 VII
639 2468 676 2499 18
725 2469 821 2499 Varr.
855 2469 931 2500 edd.
957 2467 1212 2500 Goetz-Schoell
1237 2479 1269 2508 p.
1298 2475 1359 2507 207
1479 2468 1542 2502 ¹⁶5
1566 2466 1640 2495 Tes-

208 2511 318 2541 Scaur.
345 2518 379 2543 et
396 2513 492 2543 Varr.
512 2513 543 2544 ll.
562 2513 594 2544 ll.
649 2523 660 2544 Ι
689 2526 710 2545 α
719 2517 881 2555 primum
907 2516 1008 2556 longa
1032 2517 1142 2545 brevis
1162 2513 1245 2545 trad.
1282 2511 1323 2544 ‘A
1334 2508 1504 2554 prz'mzcm'
1523 2510 1643 2542 Goetz-

209 2555 357 2587 Schoell:
378 2557 461 2599 α<α>
477 2562 638 2599 primum
656 2560 764 2591 Ribb.
782 2560 842 2590 Ma
879 2559 959 2601 (ab)
981 2559 1255 2591 Goetz-Schoell:
1278 2558 1336 2600 (α)
1356 2558 1462 2589 Ribb.
1512 2564 1529 2585 2
1555 2558 1642 2587 dixi-

210 2613 284 2631 mus
310 2602 335 2631 Ι.
359 2603 474 2634 Dousa
593 2608 657 2635 166
679 2606 771 2636 Non.
798 2612 860 2645 503
911 2617 971 2636 ne:
995 2617 1040 2636 an
1065 2605 1116 2635 IL:
1143 2617 1159 2635 e
1183 2603 1320 2635 Lachm.
1367 2605 1541 2634 lictoribus
1559 2601 1641 2632 trad.

212 2649 274 2683 167
294 2647 408 2686 Quint.
427 2649 503 2679 inst.
527 2658 554 2686 1,
573 2649 603 2687 6,
622 2650 640 2680 8
674 2651 766 2681 Non.
786 2658 849 2691 502
886 2651 926 2682 cf.
952 2650 1052 2681 Prob.
1072 2650 1133 2681 GL
1150 2650 1202 2680 IV
1221 2657 1282 2689 241
1317 2648 1418 2679 Prisc.
1440 2648 1500 2679 GL
1518 2646 1553 2677 H
1576 2646 1641 2687 4'*8
