1747 2865
193 82 207 107 1
218 81 238 106 2
778 75 836 98 CN.
862 76 1025 98 NAEVIVS

186 188 239 224 43
272 183 358 234 (61)
391 196 481 221 cum
512 189 553 220 tu
584 184 811 232 arquitenes
843 183 991 232 sagittis
1106 184 1259 232 pollens
1290 186 1367 221 dea

187 245 240 279 44
273 239 359 290 (62)
391 246 513 289 atque
542 240 647 289 prius
679 240 806 289 pariet
835 241 986 276 lucusta
1016 240 1145 277 lucam
1176 242 1322 278 bovem

186 358 237 393 45
392 355 501 402 apud
532 354 754 402 emporium
784 354 824 389 in
855 366 998 403 campo
1115 354 1288 392 hostium
1319 367 1391 403 pro
1422 367 1570 393 moene

184 471 237 506 46
391 467 540 503 malum
572 468 727 504 dabunt
758 467 909 505 Metelli
1026 468 1182 505 Naevio
1212 474 1358 517 poetae

184 528 234 563 47
271 522 357 573 (63)
390 525 472 560 fato
506 524 657 561 Metelli
690 524 845 561 Romae
875 525 977 561 fiunt
1008 525 1191 562 consules

183 642 235 677 48
389 638 618 675 inmortales
650 639 835 675 mortales
953 639 983 675 si
1015 640 1117 676 foret
1147 640 1205 676 fas
1236 640 1342 684 flere,

388 695 530 731 flerent
562 695 678 731 divae
710 694 914 732 Camenae
1032 696 1231 732 Naevium
1261 702 1433 745 poetam.

386 752 521 800 itaque
552 758 767 800 postquam
798 759 857 789 est
888 751 1009 790 Orchi
1126 753 1292 790 traditus
1324 753 1524 798 thesauro,

387 809 495 845 obliti
527 815 619 845 sunt
651 809 805 846 Romae
918 810 1070 858 loquier
1101 810 1232 859 lingua
1263 810 1384 847 latina

809 967 988 993 SCENICA

181 1062 233 1097 49
267 1058 301 1108 (1
340 1058 448 1094 Ribb.
471 1058 579 1108 trag.)
611 1055 662 1095 ne
696 1059 790 1095 mihi
811 1071 946 1108 gerere
969 1055 1121 1096 morem
1143 1060 1279 1097 videar
1294 1056 1438 1110 lingua,
1474 1075 1614 1099 verum

1408 1114 1556 1168 lingula

181 1176 233 1211 50
294 1171 352 1222 (2)
454 1169 594 1210 omnes
625 1173 841 1209 formidant
872 1169 1055 1210 homines
1087 1174 1169 1211 eius
1200 1170 1412 1211 valentiam

180 1234 230 1268 51
293 1228 351 1279 (3)
452 1226 683 1279 contemplo
714 1230 869 1278 placide
900 1226 1070 1267 formam
1102 1237 1141 1268 et
1170 1231 1314 1268 faciem
1345 1227 1502 1281 virginis

178 1290 230 1325 52
292 1285 351 1337 (4)
452 1283 599 1324 excidit
630 1283 818 1324 orationis
849 1283 978 1324 omnis
1010 1283 1256 1324 confidentia

179 1347 231 1383 53
292 1341 349 1393 (5)
451 1355 540 1380 eam
582 1344 689 1381 nunc
731 1356 817 1381 esse
857 1340 1060 1381 inventam
1091 1341 1246 1393 probris
1277 1342 1508 1394 compotem
1538 1347 1613 1384 scis

178 1404 231 1439 54
292 1399 350 1450 (7)
451 1401 636 1438 desubito
658 1402 807 1438 famam
828 1397 982 1446 tollunt,
1005 1402 1036 1438 si
1059 1413 1180 1451 quam
1197 1398 1323 1439 solam
1339 1403 1474 1440 videre
1491 1399 1532 1439 in
1548 1404 1612 1440 via

180 1462 231 1495 55
293 1456 350 1507 (8)
453 1454 562 1506 quin,
594 1464 637 1495 ut
663 1459 831 1507 quisque
853 1464 912 1495 est
933 1454 1105 1504 meritus,
1136 1471 1324 1507 praesens
1346 1455 1516 1508 pretium
1538 1473 1611 1509 pro

1313 1512 1426 1553 factis
1456 1518 1555 1554 ferat

178 1575 230 1609 56
264 1569 350 1621 (12)
454 1583 527 1608 suo
559 1567 691 1608 sonitu
722 1572 827 1609 claro
858 1572 1055 1621 fi'ilgorivit
1086 1572 1266 1621 Iuppiter

177 1632 226 1666 57
262 1627 348 1678 (13)
450 1649 479 1665 υ
499 1661 525 1665 -
544 1649 573 1665 υ
593 1661 619 1666 -
640 1641 861 1678 numquam
893 1625 1014 1666 hodie
1047 1630 1209 1678 effugies
1241 1626 1337 1678 quin
1369 1642 1459 1667 mea

451 1682 572 1722 manu
603 1687 772 1723 moriare

174 1783 219 1811 43
243 1775 346 1806 Macr.
364 1781 425 1806 sat.
445 1774 476 1813 6,
497 1783 527 1817 5,
547 1775 566 1806 8
625 1777 746 1807 Deana
782 1776 997 1807 Fleckeisen:
1033 1781 1068 1807 at
1101 1776 1197 1807 deest
1227 1777 1363 1808 verbum
1413 1783 1610 1818 anapaestos

175 1829 247 1850 esse
264 1827 377 1852 censet
393 1826 430 1851 ut
450 1829 487 1851 21
532 1820 625 1852 Leol
645 1820 682 1852 61
757 1831 802 1858 44
819 1823 916 1852 Varr.
935 1821 1012 1862 ling.
1033 1828 1062 1860 7,
1081 1830 1124 1862 39
1160 1827 1196 1853 at
1213 1834 1301 1864 quae
1319 1823 1401 1853 trad.
1441 1824 1610 1854 lucustam

175 1866 257 1896 trad.
326 1863 462 1897 ‘bovem’
495 1864 727 1908 ‘elephantenss
783 1868 826 1898 de
847 1872 966 1904 metm,
992 1867 1130 1906 dactylis
1156 1874 1189 1899 et
1213 1868 1363 1909 epitritis,
1388 1878 1455 1899 non
1480 1874 1611 1900 constat

172 1920 218 1948 45
231 1912 260 1942 F
263 1917 322 1943 est.
342 1920 401 1953 145
420 1909 556 1943 ‘moene’
568 1914 803 1955 singulariter
815 1916 906 1944 dixit
915 1914 1055 1944 Ennius
1073 1914 1237 1951 (Naevius
1249 1914 1396 1955 reposuit
1412 1914 1453 1945 O.
1469 1914 1611 1945 Mueller

174 1956 328 1988 Saturnio
354 1958 531 1999 descripto)
580 1959 621 1989 cf.
642 1957 736 1990 Leo1
754 1958 796 1998 36
844 1960 932 1989 Enn.
951 1958 1002 1990 ed.
1021 1958 1178 1989 Vahlen2
1199 1966 1259 1998 117
1330 1962 1376 1996 46
1400 1959 1493 1990 Caes.
1514 1959 1610 1990 Bass.

177 2002 238 2033 GL
257 2003 311 2034 VI
331 2002 394 2034 266
436 2004 521 2034 Mar.
540 2004 705 2035 Victorin.
723 2004 803 2035 ibid.
828 2013 887 2045 139
913 2004 1045 2035 Sacerd.
1063 2011 1122 2045 531
1151 2005 1290 2037 Fortun.
1307 2013 1370 2045 294
1410 2005 1486 2036 Ter.
1500 2005 1609 2036 Maur.

176 2055 259 2088 2517
322 2049 378 2079 Ps.
407 2051 532 2080 Ascon.
561 2050 595 2080 in
620 2051 716 2080 Verr.
739 2059 766 2087 1,
786 2059 827 2089 29
888 2053 1021 2081 dabunt
1056 2052 1188 2081 malum
1224 2051 1300 2081 Ter.
1330 2051 1439 2081 Maur.
1468 2051 1609 2081 Fortun.

173 2094 229 2124 Ps.
249 2096 374 2125 Ascon.
422 2094 510 2126 hunc
542 2105 677 2136 quoque
711 2105 842 2126 versum
876 2102 1023 2127 recenter
1054 2097 1170 2127 fictum
1203 2106 1274 2127 esse
1299 2096 1412 2127 docuit
1435 2097 1609 2127 Wissowa

174 2139 414 2171 Genethliacon
446 2141 499 2170 fiir
524 2140 598 2172 Carl
625 2141 758 2172 Robert
785 2148 822 2182 51
840 2139 871 2172 ss
987 2149 1031 2177 47
1057 2142 1112 2172 Ps.
1137 2143 1263 2173 Ascon.
1288 2143 1383 2172 Verr.
1402 2152 1434 2182 p.
1457 2150 1519 2182 140
1566 2142 1609 2172 ad

173 2185 338 2215 senarium
371 2186 413 2216 ef.
432 2187 503 2217 Leo
516 2185 525 2203 ¹
544 2194 585 2226 32
624 2187 796 2218 &Vissowa
813 2187 833 2217 1.
851 2198 878 2218 c.
898 2195 937 2227 52
1011 2190 1056 2223 48
1073 2187 1157 2218 Gell.
1177 2196 1203 2225 1,
1220 2196 1272 2228 24,
1289 2195 1305 2217 2
1333 2188 1609 2228 (epigramma

173 2231 342 2271 Naevii)
392 2239 410 2271 3
437 2233 536 2262 orcho
563 2232 645 2262 trad.
695 2233 753 2263 sed
777 2233 819 2263 cf.
838 2231 932 2263 Leo1
950 2232 1017 2273 414
1065 2243 1086 2273 4
1111 2233 1152 2263 cf.
1170 2232 1265 2264 [601
1284 2231 1349 2273 572
1451 2243 1497 2270 49
1521 2232 1607 2264 Gell.

178 2284 227 2312 10,
243 2283 296 2316 25,
311 2284 329 2316 3
372 2278 413 2307 cf.
428 2278 524 2307 Varr.
539 2277 617 2318 ling.
635 2284 663 2316 7,
682 2285 742 2316 107
771 2279 918 2317 (Aesio
930 2280 991 2318 na)
1027 2281 1099 2309 Sine
1112 2280 1201 2309 milti
1212 2278 1244 2308 ll.
1282 2276 1441 2320 ‘gladiolo
1457 2275 1606 2321 oblongo'

173 2330 217 2357 50
242 2322 331 2353 Non.
355 2321 416 2353 186
443 2323 617 2361 (Danae)
658 2325 806 2355 hominis
830 2324 862 2355 ll.
904 2326 1089 2355 volentiam
1113 2334 1143 2354 V.
1162 2324 1182 2354 l.
1225 2320 1493 2366 Jortz'tudz'nem’
1562 2333 1601 2361 51

172 2366 262 2398 Non.
283 2374 350 2407 470
384 2370 573 2409 contempla
590 2368 665 2399 edd.
738 2379 781 2406 52
803 2370 893 2400 Non.
913 2369 976 2400 262
1014 2367 1228 2401 ‘constantm’
1299 2379 1343 2407 53
1359 2371 1450 2401 Non.
1469 2368 1545 2410 456,
1564 2376 1602 2409 25

166 2416 311 2453 propris
337 2415 426 2454 (-z'2‘s)
448 2413 480 2444 ll.
521 2414 690 2445 Baccheos
707 2415 842 2455 agnovit
862 2414 1006 2446 Buech.:
1033 2415 1175 2446 duorum
1194 2415 1434 2446 trochaicorum
1451 2424 1604 2446 versuum

172 2457 312 2488 frustula
336 2458 402 2489 alii.
451 2459 492 2490 cf.
510 2460 582 2490 Leo
596 2458 608 2476 ²
630 2468 665 2499 13
760 2469 805 2497 54
829 2461 920 2491 Non.
939 2460 1038 2501 1306.
1060 2459 1147 2501 ²518
1195 2458 1406 2503 ‘infamiam’
1452 2462 1606 2491 videmus

172 2502 287 2533 Non.²
391 2513 435 2541 55
459 2505 551 2535 Non.
570 2504 636 2545 366
683 2502 900 2547 ‘praemium'
1007 2509 1051 2543 56
1074 2507 1166 2537 Non.
1191 2514 1253 2536 110
1354 2515 1396 2543 57
1422 2506 1524 2536 Macr.
1543 2511 1605 2536 sat.

172 2546 204 2585 6,
226 2556 254 2585 1,
272 2547 314 2587 38
352 2550 515 2590 (Equos
541 2551 771 2590 Troianus)
828 2555 990 2583 moriaris
1027 2563 1134 2583 manu
1166 2552 1273 2582 Ribb.
1304 2561 1407 2582 unum
1439 2550 1604 2581 senarium

171 2593 413 2625 restituendum
440 2605 511 2626 esse
536 2601 626 2626 ratus
