1747 2865
197 112 210 137 1
219 100 273 149 36
795 103 825 126 c.
851 102 1016 126 chrtrvs

191 215 272 250 459
306 210 401 261 (903
415 210 449 261 s)
491 207 723 259 habeasque
769 206 838 262 (in)
885 210 1040 255 animo,
1088 210 1141 246 mi
1192 207 1412 248 admodum
1461 209 1620 250 causam

1407 280 1566 317 gravem

491 325 586 368 fore,
619 319 723 372 quae
755 335 820 360 me
850 324 902 360 ab
933 323 1012 360 ullo
1045 319 1262 361 commodo
1292 320 1467 362 abducat
1497 331 1566 362 tuo

305 380 419 431 (908)
493 386 577 417 tum
608 375 703 417 illud
746 379 948 429 epiphoni,
989 376 1101 429 quod
1132 381 1362 418 etiamnunc
1400 377 1534 418 nobile
1565 388 1624 419 est

304 437 400 488 (909
415 436 448 487 s)
492 450 581 474 cum
613 433 763 482 amicis,
799 442 993 485 quantum
1026 443 1085 474 est
1115 433 1218 474 inter
1246 433 1469 474 humanum
1498 451 1622 488 genus

488 489 630 538 rerum,
663 505 767 542 quae
797 494 897 530 inter
927 506 969 530 se
1000 489 1252 543 coniungant,
1284 490 1553 532 communicat

190 555 270 590 462
303 549 418 601 (912)
490 557 532 587 ut
572 551 680 587 nunc
716 546 785 602 (in)
817 551 892 587 hac
932 562 973 587 re
1004 547 1102 587 mihi
1133 563 1253 599 opem
1284 557 1405 600 atque
1435 552 1622 588 auxilium

1421 604 1566 645 offeras

189 669 269 703 463
303 663 446 714 (9185)
489 660 687 701 concedat
718 664 869 700 homini
900 664 941 699 id
973 660 1084 713 quod
1115 664 1217 709 velit,
1250 660 1435 710 deleniat,

489 716 716 769 corrumpat
746 732 927 769 prorsum
958 732 1004 757 ac
1039 717 1182 758 nervos
1214 721 1342 758 omnis
1374 717 1488 771 eligat

189 782 269 817 464
303 776 446 828 (9203)
488 773 731 827 quapropter
763 783 913 814 certum
945 784 1003 814 est
1034 774 1164 815 facere
1190 784 1338 823 contra,
1370 790 1417 815 ac
1437 774 1623 828 persequi

491 840 528 871 et
558 830 709 871 nomen
741 835 895 871 deferre
925 830 1096 872 hominis

188 964 268 999 465
303 958 417 1009 (953)
489 954 642 995 homini
673 960 803 996 amico
835 965 873 996 et
903 955 1081 996 familiari
1113 955 1196 996 non
1220 965 1278 997 est
1307 956 1464 997 mentiri
1487 972 1621 997 meum

188 1020 269 1055 466
303 1015 399 1066 (954
413 1014 447 1066 s)
489 1048 513 1053 -
534 1017 720 1053 mercede
751 1012 856 1065 quae
888 1017 1110 1053 conductae
1141 1012 1240 1053 flent
1269 1017 1400 1054 alieno
1421 1016 1461 1053 in
1483 1012 1622 1054 funere

488 1069 699 1122 praeficem,
740 1074 865 1110 multo
898 1069 936 1110 et
968 1074 1130 1122 capillos
1161 1069 1350 1110 scindunt
1380 1079 1418 1111 et
1448 1071 1622 1111 clamant

1442 1132 1566 1181 magis

188 1191 266 1226 467
304 1186 398 1237 (963
415 1185 448 1236 s)
492 1183 573 1235 quo
604 1183 768 1223 facetior
798 1187 959 1223 videare
992 1193 1029 1224 et
1060 1183 1161 1224 scire
1194 1187 1280 1236 plus
1312 1199 1433 1236 quam
1465 1184 1593 1233 ceteri,

490 1240 682 1293 pertisum
723 1244 943 1289 hominum,
984 1240 1068 1281 non
1100 1250 1338 1293 pertaesum,
1380 1240 1515 1281 dicere
1546 1245 1620 1281 hu-

1246 1296 1410 1337 manum
1440 1313 1564 1350 genus

187 1362 267 1397 468
302 1356 417 1408 (965)
489 1354 613 1406 quoia
655 1369 749 1394 nam
789 1370 867 1394 vox
910 1353 959 1394 ex
990 1363 1029 1395 te
1060 1369 1252 1395 resonans
1283 1354 1375 1395 meo
1404 1359 1529 1407 gradu
1560 1371 1620 1396 re-

1258 1411 1411 1452 moram
1443 1416 1564 1453 facit?

187 1521 267 1555 469
302 1515 417 1567 (970)
490 1517 620 1554 multis
650 1517 748 1553 indu
778 1517 874 1554 locis
905 1517 1153 1554 sermonibus
1185 1517 1513 1554 concelebrarunt

186 1577 266 1612 470
301 1572 416 1623 (971)
488 1586 592 1622 quae
624 1575 832 1622 quondam
863 1574 1000 1622 populi
1030 1574 1107 1610 risu
1137 1586 1198 1611 res
1228 1580 1391 1623 pectora
1421 1574 1566 1623 rumpit

186 1634 266 1669 471
299 1630 414 1680 (972)
486 1631 618 1668 calvus
651 1631 860 1667 Palantino
903 1631 1066 1679 quidam
1098 1631 1153 1667 vir
1184 1643 1267 1667 non
1298 1632 1428 1669 bonus
1459 1632 1563 1677 bello

186 1691 266 1725 472
300 1686 415 1737 (973)
487 1694 526 1724 et
565 1699 685 1725 saevo
716 1699 763 1725 ac
794 1688 893 1724 duro
923 1688 963 1724 in
996 1688 1100 1725 bello
1133 1688 1257 1725 multo
1289 1688 1463 1737 optimus
1494 1688 1618 1726 hostis

185 1747 267 1783 473
300 1743 398 1794 (985
413 1743 446 1794 s)
489 1745 663 1781 deducta
693 1751 789 1781 tunc
818 1757 917 1782 voce
947 1745 1031 1782 leo:
1066 1740 1148 1781 ‘cur
1178 1750 1220 1781 tu
1252 1745 1339 1793 ipsa
1369 1745 1503 1782 venire

487 1814 569 1838 non
601 1802 656 1838 vis
693 1797 814 1838 huc?’

181 1899 250 1928 459
268 1891 361 1921 Non.
379 1898 442 1931 315
487 1892 595 1922 versui
616 1892 827 1932 praecedenti
843 1890 995 1922 adhaesit
1013 1892 1130 1922 Dousa
1174 1900 1186 1921 1
1211 1892 1300 1922 mihi
1315 1890 1346 1921 ll.
1386 1902 1498 1933 grave
1514 1896 1616 1932 optt.:

182 1933 430 1967 ‘necessariam’
477 1937 574 1968 amici
598 1937 698 1967 verba
722 1938 833 1978 potius
852 1947 952 1978 quam
970 1937 1129 1967 amatoris
1144 1946 1216 1967 esse
1233 1936 1404 1967 contendit
1418 1935 1510 1968 Cich.
1533 1936 1618 1975 1785

180 1984 249 2018 460
264 1982 355 2012 Non.
374 1988 438 2022 352
486 1984 656 2024 epitofonz'
671 1983 700 2013 L
735 1982 803 2013 scil.
823 1983 1003 2014 Socrates?
1037 1981 1142 2021 (Cich.
1165 1981 1257 2021 178):
1277 1979 1465 2025 (ὲπιφωνεῗ
1501 1984 1618 2013 etiam-

182 2031 257 2057 tum
281 2026 313 2057 ll.
348 2030 538 2059 etiamnum
559 2029 589 2068 J.
608 2028 723 2059 Dousa
814 2030 876 2065 461
907 2029 998 2059 Non.
1020 2027 1063 2067 36
1116 2036 1127 2058 1
1156 2039 1261 2069 quam
1286 2029 1375 2058 mihi
1395 2032 1568 2069 quantum
1584 2027 1616 2058 ll.

183 2080 199 2101 2
226 2084 333 2114 quae:
357 2085 422 2114 que
440 2073 473 2104 ll.
520 2077 708 2115 coniungat
723 2073 754 2104 ll.
825 2076 893 2110 462
918 2074 1009 2104 Non.
1031 2072 1097 2113 360
1145 2076 1203 2104 uti
1221 2072 1358 2104 Lachm.
1394 2073 1478 2114 petit
1502 2072 1620 2103 mulier

180 2118 222 2148 ab
247 2124 395 2149 amatore
532 2121 600 2156 4⁶3
625 2120 716 2150 Non.
744 2118 830 2158 ¹278
884 2128 895 2149 1
917 2134 959 2145 =
980 2117 1067 2158 2269
1116 2127 1132 2148 2
1153 2134 1195 2145 =
1216 2117 1299 2159 ³301
1366 2127 1379 2149 1
1407 2120 1488 2149 vult
1510 2116 1618 2149 Non.l

183 2171 199 2192 2
211 2168 360 2204 prorsus
378 2163 430 2194 ll.:
448 2174 501 2195 em
515 2165 586 2195 Leo
597 2163 609 2181 ³
648 2167 694 2195 ad
708 2163 815 2195 Non.3
854 2161 974 2195 ‘mores
990 2164 1170 2196 adulatoris
1189 2161 1429 2195 deseribuntur³
1446 2164 1505 2194 Ma
1551 2165 1619 2200 464

179 2209 271 2239 Non.
292 2208 356 2248 289
405 2218 422 2240 2
448 2206 608 2241 ‘celatum
630 2207 789 2251 prodere’
902 2213 970 2247 465
996 2211 1088 2241 Laet.
1114 2211 1190 2242 inst.
1218 2209 1248 2247 6,
1270 2209 1320 2246 18,
1339 2209 1359 2239 6
1393 2209 1617 2249 (librorum

179 2254 515 2295 XXVI—XXIX)
653 2258 722 2292 466
752 2256 843 2286 Non.
875 2254 915 2294 67
951 2255 1037 2295 (libri
1067 2256 1220 2287 XXVII
1233 2255 1257 2291 ?)
1310 2264 1322 2285 1
1361 2253 1440 2297 (αἱ)
1476 2254 1618 2285 Mueller

177 2301 244 2336 467
268 2300 359 2331 Fest.
380 2307 443 2340 273
495 2309 512 2331 2
530 2302 699 2332 hominem
717 2301 789 2332 cod.
822 2303 1067 2344 dicere-serum
1083 2313 1165 2333 nam
1176 2312 1287 2343 genus
1304 2300 1377 2331 cod.
1417 2302 1449 2331 d.
1479 2311 1616 2331 aerum—

179 2350 293 2376 namst
314 2351 398 2386 opus
422 2345 560 2377 Lachm.
630 2349 699 2383 468
722 2346 817 2377 Paul.
836 2347 927 2378 Fest.
950 2346 1014 2385 276
1054 2347 1094 2378 cf.
1113 2347 1205 2378 Fest.
1227 2353 1289 2386 277
1338 2357 1508 2388 quaenam
1533 2345 1614 2376 trad.

179 2385 343 2422 ‘remorae
367 2402 387 2422 a
412 2394 576 2423 morando
600 2389 718 2423 dz‘ctae'
810 2394 879 2429 469
903 2393 994 2423 Non.
1017 2399 1077 2433 275
1123 2392 1252 2432 (liber
1276 2392 1421 2430 XXX)
1470 2390 1537 2421 scil.
1552 2391 1615 2432 fa-

177 2436 293 2466 hulam
318 2439 494 2477 quandam
631 2446 700 2474 470
722 2437 813 2468 Non.
847 2436 912 2476 382
961 2440 1037 2469 risu
1068 2449 1122 2469 res
1154 2438 1309 2479 Madvig:
1346 2439 1417 2468 oris
1448 2446 1548 2467 aures
1580 2434 1611 2465 ll.

178 2475 364 2523 ‘defetzjgat'
501 2491 563 2519 47¹
601 2483 692 2514 Non.
726 2485 791 2523 462
833 2484 1035 2523 pallantino
1059 2483 1104 2521 11„
1139 2483 1278 2525 turpiter
1300 2488 1396 2524 gesto
1420 2492 1449 2513 a.
1479 2487 1537 2520 137
1569 2479 1611 2510 cf.

178 2525 325 2566 Appian.
350 2527 438 2558 Iber.
464 2527 508 2558 80
524 2538 557 2559 ss
592 2540 660 2559 non
684 2530 789 2559 bonus
811 2528 938 2569 Guyet:
965 2530 1087 2560 nobilis
1110 2531 1216 2560 bonus
1240 2528 1272 2559 ll.
1320 2537 1388 2565 472
1404 2527 1495 2557 Non.
1514 2523 1610 2565 ¹285.

178 2566 191 2586 ²
199 2569 264 2610 388
299 2583 337 2602 ac
360 2571 484 2603 Non.²:
512 2578 555 2604 ut
576 2571 685 2604 Non.¹
721 2570 882 2604 ‘nocenti’
974 2583 1042 2611 473
1066 2574 1158 2605 Non.
1189 2573 1253 2612 289
1301 2568 1500 2604 ‘deminuta’
1525 2567 1611 2611 ‘sup-

170 2613 302 2656 pressa'
339 2618 433 2648 hunc
458 2616 503 2648 L2
521 2618 553 2649 G
598 2619 699 2649 verba
722 2624 800 2650 sunt
823 2619 929 2650 leonis
953 2619 1078 2660 aegroti
1103 2619 1146 2649 ad
1171 2619 1378 2660 vulpeculam
