1747 2865
659 127 815 150 SCENICA
862 126 1030 149 TRAGICA
1186 126 1191 131 “
1507 132 1528 169 3
1536 132 1555 170 7

129 238 210 274 263
244 233 359 285 (129)
429 233 540 271 ducit
584 247 649 271 me
694 246 860 272 uxorem
905 234 1119 271 liberorum
1163 233 1238 271 sibi
1283 234 1559 283 quaesendum

1367 290 1501 340 gretia.

129 351 210 386 264
242 348 336 397 (131
354 347 387 396 s)
428 360 561 397 neque
600 347 744 384 terram
783 348 928 385 inicere
967 347 1100 397 neque
1140 353 1302 385 cruenta
1341 347 1560 384 cenvestire

1339 405 1502 453 cerpora

428 461 527 498 mihi
558 462 663 498 licuit
692 474 825 510 neque
857 461 1025 498 miserae
1055 462 1186 499 lavere
1208 461 1393 498 lacrimae
1414 461 1559 498 salsum

1265 519 1501 567 sanguinem

128 579 209 615 265
242 573 357 625 (134)
429 574 501 624 ego
539 587 653 612 meae
684 588 774 612 cum
805 575 911 612 vitae
942 587 1112 624 parcam,
1144 574 1265 611 letum
1296 575 1455 612 inimico
1487 574 1557 611 de-

1364 644 1502 680 precer

129 693 209 729 266
242 687 338 740 (135
351 688 384 737 3)
1002 689 1044 725 ut
1074 701 1147 725 nos
1178 689 1302 726 nostri
1332 688 1445 725 liberi

428 744 659 790 defendant,
691 758 763 794 pro
794 746 926 782 nestra
956 746 1034 782 vita
1065 745 1177 781 ms'vrti
1209 746 1447 782 occumbant
1488 746 1557 782 eb-

1395 814 1499 839 Vlam

126 864 204 899 267
240 858 384 910 (1373)
427 860 489 896 0111
519 859 626 896 nunc
656 871 847 896 aerumna
878 859 967 896 mea
998 859 1218 896 libertatem
1248 871 1345 908 paro

427 917 569 965 quibus
600 916 826 953 servitutem
858 916 948 952 mea
980 916 1135 953 miseria
1162 915 1355 965 deprecor

126 977 205 1013 268
239 972 354 1024 (139)
426 974 586 1022 lapideo
608 979 699 1010 sunt
720 973 838 1010 corde
859 973 969 1010 multi
992 973 1090 1022 quos
1111 985 1194 1010 non
1215 974 1373 1010 miseret
1390 972 1557 1009 neminis

125 1034 206 1070 269
239 1029 402 1081 (14133)
426 1030 533 1067 unde
564 1031 635 1067 sibi
666 1030 803 1079 populi
835 1036 873 1066 et
902 1029 1011 1079 reges
1043 1030 1250 1066 consilium
1283 1029 1473 1078 expetunt

425 1088 586 1124 3113111111
617 1099 748 1124 rerum
778 1086 923 1131 incerti,
955 1098 1054 1135 quos
1087 1087 1157 1135 ege
1190 1099 1280 1123 mea
1311 1099 1389 1135 ope
1421 1099 1469 1123 ex

421 1144 578 1181 incertis
609 1151 736 1181 certos
767 1144 1053 1192 cempotesque
1084 1143 1218 1180 censili

425 1201 594 1246 dimitto,
626 1207 670 1237 ut
700 1213 751 1237 ne
781 1213 842 1238 res
873 1200 1023 1238 temere
1054 1206 1223 1237 tractent
1254 1201 1432 1237 turbidas

127 1261 208 1297 270
241 1258 336 1307 (145
352 1258 386 1308 3)
427 1258 557 1295 tacere
589 1259 712 1307 opino
743 1270 829 1294 esse
861 1258 1078 1307 optumum,
1111 1264 1149 1294 et
1179 1269 1252 1306 pro
1283 1257 1430 1294 viribus

427 1327 566 1364 sapere
598 1316 719 1364 atque
750 1315 917 1351 fabulari
948 1321 1030 1351 tute
1060 1314 1214 1351 noveris

123 1376 203 1411 271
237 1370 352 1422 (147)
422 1371 497 1409 11131
537 1379 692 1421 patrem
724 1371 905 1408 materno
937 1371 1127 1420 sanguine
1170 1371 1419 1409 exanclando
1459 1373 1556 1409 ulci-

1349 1441 1498 1466 scerem

125 1489 206 1525 272
239 1485 354 1536 (148)
425 1486 468 1522 id
509 1498 583 1535 ego
621 1486 680 1522 ius
716 1492 835 1534 atque
866 1485 1006 1522 aecum
1038 1486 1177 1522 fecisse
1208 1485 1407 1534 expedibo
1437 1493 1556 1535 atque

1337 1543 1499 1592 eloquar

125 1603 206 1638 273
239 1597 354 1649 (149)
425 1631 450 1636 ..
471 1599 560 1636 dico
592 1599 731 1636 vicisse
763 1598 967 1636 Orestem:
1000 1599 1068 1636 ves
1099 1600 1150 1636 ab
1181 1600 1258 1636 hoc
1289 1599 1470 1637 facessite

125 1659 206 1694 274
239 1654 404 1706 (15133)
427 1656 581 1693 caelum
611 1657 814 1700 nitescere,
848 1657 1007 1692 arbores
1037 1655 1300 1701 frondescere,

425 1712 523 1750 vites
554 1713 747 1750 laetificae
777 1713 977 1762 pempinis
1008 1713 1236 1761 pubescere,

122 1827 189 1861 263
214 1825 305 1855 fest.
323 1824 388 1865 258
436 1827 541 1856 duxit
563 1825 753 1863 Scriverius,
779 1825 846 1856 scil.
876 1826 1097 1866 Cresphontes
1120 1827 1301 1866 flIeropam
1360 1829 1426 1863 264
1449 1827 1554 1857 Macr.

123 1877 183 1900 sat.
213 1869 244 1908 6,
273 1878 302 1908 2,
326 1878 364 1901 21
432 1879 443 1901 Ι
461 1881 476 1901 3
502 1872 592 1902 mihi
620 1877 765 1912 corpora
790 1871 871 1901 trad.
933 1879 949 1900 2
977 1872 1066 1902 mihi
1093 1871 1162 1901 scil.
1196 1873 1357 1912 Meropas>
1415 1875 1556 1903 miserae

123 1927 180 1946 uec
198 1916 227 1947 ci
243 1916 386 1947 Vossius
445 1919 512 1954 265
529 1916 612 1948 Gell.
637 1924 664 1955 7,
687 1916 736 1953 16,
760 1925 798 1947 10
821 1928 880 1958 ego
898 1916 965 1947 scil.
987 1918 1206 1957 Cresphontes
1248 1928 1326 1948 cum
1345 1929 1434 1948 meae
1452 1918 1554 1949 trad.:

121 1972 199 1992 cum
212 1960 413 2004 meae<met>
430 1962 537 1993 Ribb.
563 1959 722 2004 ‘affigam'
763 1964 830 1992 266
849 1962 939 1993 Serv.
960 1969 1045 1992 auct.
1061 1965 1148 1993 Aen.
1172 1970 1200 1992 2.
1222 1962 1262 1993 62
1284 1962 1553 2001 (Erectheus,

121 2003 316 2051 Ἐρεχθεὺς
352 2004 551 2052 Εὐριπίδου)
614 2017 624 2037 1
655 2019 734 2039 nos:
768 2019 824 2038 vos
849 2007 880 2037 ll.
931 2016 947 2037 2
975 2012 1091 2039 vostra
1115 2008 1147 2038 ll.
1173 2009 1214 2038 cf.
1232 2008 1429 2040 Praxitheae
1454 2009 1555 2039 verba

122 2052 238 2093 Eurip.
258 2053 319 2093 frg.
337 2052 413 2092 360,
437 2061 476 2093 14
490 2063 505 2083 s
531 2051 615 2092 (N.'2)
641 2053 740 2085 τέκνα
761 2050 852 2084 τοῦδ’
879 2052 973 2085 ἕκατι
990 2051 1154 2097 τίκτομεν,
1181 2052 1228 2091 ὡς
1246 2054 1339 2087 θεῶν
1359 2066 1393 2086 τε
1414 2053 1556 2098 βωμοὺς

123 2095 269 2141 πατρίδα
293 2108 328 2129 τε
367 2095 536 2143 ῥυώμεθα
602 2101 668 2135 267
694 2098 778 2129 Gell.
800 2105 828 2137 7,
851 2098 900 2135 16,
919 2107 938 2137 9
964 2099 1054 2129 Non.
1074 2107 1138 2138 290
1162 2100 1315 2131 audimus
1340 2099 1553 2130 Praxitheam

127 2151 139 2173 Ι
167 2145 232 2184 qui
254 2142 339 2174 Gell.
373 2144 528 2184 intellege
546 2148 688 2185 patriae
723 2156 903 2175 erumnam
928 2155 966 2174 ea
986 2145 1098 2177 Non:
1124 2151 1294 2186 erumpnas
1318 2158 1356 2177 ea
1381 2145 1465 2176 Gell.
1502 2145 1554 2176 vel

122 2188 233 2229 potius
268 2191 344 2219 mea‘
378 2189 478 2228 (idem
507 2191 536 2228 2)
597 2198 613 2219 2
640 2192 763 2231 qm'bus
795 2190 815 2219 i.
849 2192 979 2220 cz‘vzbus
1013 2192 1167 2221 libertate
1200 2191 1291 2221 Non.
1334 2197 1428 2232 paro.
1462 2191 1552 2221 Non.

123 2245 229 2264 meam
255 2237 428 2265 miseriam
456 2236 501 2273 (-α
519 2235 626 2276 pauci)
652 2236 743 2265 Non.
761 2235 793 2265 ll.
842 2232 1009 2266 ‘amolior'
1035 2233 1184 2276 ‘depello'
1286 2239 1353 2268 268
1378 2237 1468 2267 Fest.
1492 2235 1551 2266 162

122 2279 216 2310 Paul.
235 2280 326 2311 Fest.
350 2279 409 2320 163
467 2282 576 2311 multi
595 2283 692 2311 corde
716 2280 811 2310 Paul.
835 2281 927 2311 Fest.
1067 2283 1134 2318 269
1159 2281 1226 2312 Cie.
1253 2282 1296 2312 de
1320 2288 1402 2313 orat.
1433 2291 1460 2319 1,
1493 2290 1553 2322 199

124 2324 398 2361 (Eumenides
412 2350 419 2362 ,
437 2323 622 2370 Εὐμενίῧες
639 2323 830 2369 Αἰσχύλου)
851 2336 890 2356 ex
908 2326 1077 2367 Apollinis
1098 2326 1229 2358 oraculo
1248 2328 1315 2367 (V.)
1362 2337 1372 2358 1
1394 2332 1555 2368 expetant

123 2369 190 2401 Cic.
249 2378 266 2400 2
291 2381 438 2401 suarum
460 2382 678 2402 summarum
709 2372 827 2412 integri
851 2371 1000 2413 plerique
1023 2383 1240 2403 summarum
1266 2384 1296 2403 v.
1322 2373 1341 2403 l.
1398 2379 1457 2414 ope
1480 2384 1553 2404 mea

122 2415 243 2455 Reisig
300 2423 317 2455 3
346 2427 410 2457 que
442 2426 496 2447 orn
530 2417 649 2456 integri
679 2427 784 2457 paene
816 2427 931 2448 omnes
1045 2427 1111 2454 270
1135 2418 1225 2448 Non.
1252 2425 1315 2459 475
1342 2419 1387 2449 V.
1414 2418 1556 2449 contulit

123 2460 251 2492 Orestis
276 2461 376 2492 verba
398 2461 522 2492 Aesch.
545 2463 644 2492 Eum.
666 2469 727 2500 272
744 2472 775 2492 ss
793 2463 841 2492 K.
886 2471 897 2493 1
927 2466 1025 2504 opino
1043 2463 1110 2494 scil.
1135 2464 1264 2495 Orestes
1305 2468 1465 2505 optutum
1481 2474 1511 2494 V.
1532 2464 1552 2495 1.

122 2515 183 2543 271
213 2507 304 2537 Non.
327 2515 389 2546 292
431 2507 499 2538 scil.
526 2509 656 2539 Orestes
748 2517 814 2544 272
838 2509 929 2539 Non.
950 2516 1011 2549 505
1039 2521 1153 2540 aecum
1179 2512 1288 2540 accl'us
1314 2510 1413 2541 trad.:
1440 2512 1551 2541 accius

122 2561 177 2582 om
203 2552 308 2583 Ribb.
361 2552 429 2583 scil.
454 2554 576 2594 Apollo
714 2562 780 2590 273
804 2554 895 2584 Non.
922 2554 987 2593 306
1032 2557 1102 2585 dz'co
1127 2554 1194 2585 scil.
1221 2556 1384 2586 sslz'nerva
1422 2560 1551 2587 oresten

124 2597 235 2638 fienn)
261 2597 294 2628 ll.
331 2599 480 2640 facessit
502 2598 553 2628 lI.:
579 2595 740 2629 ‘recedite’
822 2608 888 2636 274
914 2598 1002 2630 Cic.1
1023 2601 1121 2630 Tuse.
1144 2608 1170 2637 1,
1190 2599 1231 2639 69
1280 2609 1297 2640 3
1325 2615 1367 2627 Ξ
1393 2599 1485 2632 Cic.²
1510 2602 1552 2632 de

123 2647 203 2673 orat.
219 2651 250 2683 3,
269 2650 330 2684 154
354 2644 445 2674 Non.
465 2652 525 2674 122
551 2644 592 2674 cf.
606 2645 758 2675 Minerva
771 2655 822 2685 ap.
838 2645 961 2675 Aesch.
976 2646 1074 2676 Eum.
1090 2645 1151 2686 885
1166 2656 1196 2676 33
1239 2655 1256 2676 2
1279 2647 1463 2688 laetificare
1474 2646 1549 2677 Par.
