1747 2865
196 125 209 151 Ι
220 124 273 162 30
795 113 826 136 C.
851 111 1016 135 LVCILIVS

191 228 272 264 364
305 221 420 273 (729)
492 217 583 258 cum
614 232 756 270 pacem
787 215 894 269 peto,
926 231 1016 256 cum
1046 219 1174 267 placo,
1205 230 1295 255 cum
1327 214 1430 256 2'1deo
1463 225 1501 255 et
1532 232 1624 256 cum

1213 270 1371 324 appello
1407 270 1567 312 ‘meam'

192 342 272 378 365
306 334 421 386 (730)
492 329 584 371 cum
614 333 693 370 mei
723 346 788 370 me
819 333 971 370 adeunt
1001 331 1152 376 servuli,
1184 344 1267 368 non
1293 327 1528 368 ‘dominam’
1551 344 1624 381 ego

1209 384 1405 437 appellem
1436 400 1568 425 meam

192 455 272 491 366
306 447 421 500 (731)
492 448 583 492 iem,
631 459 711 496 qua
751 443 987 495 tempeste'tte
1025 446 1127 490 vivo,
1169 441 1274 482 certe
1314 445 1418 484 sine:
1463 446 1517 481 ad
1560 457 1625 482 me

1421 514 1568 550 rempro

329 1242 424 1294 743)
495 1239 822 1292 prospiciendum
875 1254 966 1291 ergo
1017 1237 1059 1278 in
1109 1237 1341 1293 senecta(m)
1391 1236 1499 1277 nunc
1549 1236 1628 1292 (ab)

1211 1293 1483 1335 adulescentia
1514 1303 1572 1334 est

192 568 268 604 367
305 560 421 613 (732)
491 560 679 598 insanum
718 560 847 605 vocet,
889 572 1011 608 quern
1051 560 1213 596 maltam
1249 570 1295 595 ac
1326 558 1517 595 femjnam
1547 554 1626 595 dici

1459 615 1569 652 videt

192 681 272 717 368
306 674 420 726 (733)
491 670 658 719 ‘e'trdum‚
699 674 929 711 miserinum
970 670 1089 722 ithue
1128 673 1263 710 infelix
1303 668 1466 737 lignum'
1506 673 1625 709 sabu-

1331 741 1421 765 cum
1454 735 1571 766 vocat

193 795 274 830 369
307 788 422 839 (735)
492 785 532 825 z'tt
584 788 725 825 metuis
766 782 885 836 porro
925 799 976 824 ne
1016 793 1180 836 aspectu
1224 792 1262 823 et
1302 781 1431 822 forma
1471 786 1627 834 capiare

1449 839 1571 879 z'sstera

193 908 274 944 370
307 902 345 953 (7
352 902 421 953 36)
490 898 641 951 lignum
667 902 818 946 caedat,
839 897 1010 950 pensum
1030 901 1158 945 faciat,
1180 896 1291 937 aedis
1308 905 1446 945 verrat,
1468 896 1629 948 vz'tpulet

193 965 273 1000 371
309 959 424 1010 (737)
495 955 617 1008 quem
647 970 730 995 non
760 958 889 995 solum
913 953 1107 995 devorare
1127 969 1171 994 se
1192 952 1328 993 omnia
1349 968 1395 993 ac
1417 952 1628 993 deverrere

193 1021 273 1057 372
309 1015 423 1067 (738)
494 1012 601 1053 certa
631 1022 732 1060 sunt,
764 1015 849 1052 sine
877 1010 1118 1051 detrimento
1149 1025 1253 1063 quae
1284 1009 1387 1050 inter
1407 1025 1494 1050 sese
1515 1008 1627 1050 com-

1404 1071 1572 1106 modent

195 1135 275 1171 373
308 1129 424 1180 (742)
497 1125 741 1167 Socraticum
782 1124 946 1178 quidz'tm
985 1134 1156 1177 tyranno
1197 1123 1350 1164 misisse
1380 1126 1628 1175 Aristippum

1364 1179 1572 1220 autumant

255 1363 269 1371 ⁷
328 1356 423 1408 744)
496 1353 726 1394 commovet
755 1368 798 1393 se
829 1351 1028 1405 nusquam
1049 1367 1182 1405 neque
1203 1350 1435 1400 committet,
1465 1360 1509 1390 ut
1538 1365 1629 1402 per·

1404 1407 1469 1449 eet
1498 1411 1572 1448 sibi

195 1476 276 1512 376
328 1471 425 1522 747)
495 1467 779 1508 seminatorem
811 1466 898 1507 esse
928 1482 1140 1514 summum,
1170 1464 1285 1507 suere
1316 1474 1529 1505 centonem
1556 1463 1629 1516 op-

1464 1530 1573 1561 turne

195 1590 273 1625 377
330 1584 427 1635 749)
498 1581 610 1634 ‘quid
651 1597 716 1622 me
756 1584 825 1621 fiet
840 1580 871 1620 Ρ)
899 1606 955 1610 -
985 1579 1045 1620 “si
1086 1583 1250 1632 quidem
1290 1594 1374 1620 non
1410 1582 1468 1619 vis
1498 1588 1538 1618 te
1568 1578 1630 1618 in-

1159 1640 1294 1689 probis
1324 1634 1573 1676 committere

356 1698 425 1749 50)
495 1695 572 1736 nec
603 1710 727 1747 parvo
759 1693 916 1736 Catullo
947 1698 1074 1746 pretio

359 1755 429 1806 51)
501 1756 692 1794 Chremes
724 1751 765 1791 in
797 1755 985 1799 medium,
1018 1755 1058 1790 in
1090 1766 1292 1792 summum
1324 1749 1424 1789 ierat
1454 1748 1630 1789 Demae-

1459 1815 1574 1846 netus

196 1904 263 1939 364
287 1902 378 1933 Non.
406 1909 467 1942 237
518 1902 560 1932 de
583 1903 689 1932 amica
713 1902 795 1932 irata
865 1903 931 1938 3⁶5
955 1901 1046 1931 Non.
1068 1899 1130 1940 238
1179 1899 1309 1930 meam?
1345 1897 1482 1929 Lachm.
1566 1899 1634 1935 366

196 1948 287 1978 Non.
306 1955 369 1988 407
412 1944 582 1989 ‘tempore’
628 1947 729 1978 verba
744 1946 889 1977 hominis
906 1946 1036 1987 prodigi
1106 1948 1171 1983 367
1196 1946 1288 1976 Non.
1315 1951 1354 1984 37
1401 1948 1525 1975 vocant
1549 1943 1631 1974 trad.

197 1995 348 2024 multum
373 1993 423 2024 G:
450 1990 607 2024 ‘mollem’
630 1993 649 2023 i.
677 1990 832 2037 μαλακόν
940 1994 1007 2029 368
1031 1992 1122 2022 Non.
1142 1998 1184 2032 74
1231 1986 1394 2021 ‘aridum’
1431 1992 1633 2020 mz'serz'num

195 2049 281 2069 unus
313 2048 331 2069 e
363 2039 445 2070 dett.
477 2039 528 2078 (cf.
555 2038 705 2078 Vulgztrl.
738 2037 858 2068 inschr.
896 2037 990 2076 1087.
1029 2044 1124 2077 1543.
1159 2036 1253 2074 281):
1291 2037 1527 2066 miserrimum
1552 2034 1634 2065 boni

195 2087 335 2126 signum
361 2084 442 2115 trad.
525 2087 593 2122 369
616 2085 707 2114 Non.
735 2091 773 2124 25
780 2091 798 2123 3
834 2086 955 2124 capiar
978 2084 1108 2113 alterae
1131 2081 1296 2112 Dziatzko
1331 2077 1535 2121 ‘decipiam's’
1559 2077 1634 2111 ‘cir-

196 2127 438 2161 cumveniarz's’
471 2131 583 2161 altera
607 2131 660 2160 die
684 2130 853 2170 interpret.
879 2129 938 2159 Ma
1009 2137 1077 2165 370
1099 2128 1191 2158 Non.
1225 2126 1322 2165 1271.
1357 2124 1446 2166 2420
1487 2132 1633 2167 pensum

195 2177 310 2216 faciat
333 2185 388 2205 om
414 2173 523 2207 Non.2
570 2174 744 2206 varratG
773 2175 842 2205 bis:
875 2179 999 2205 vorrat
1022 2173 1166 2204 Mueller
1203 2184 1242 2204 ac
1272 2173 1412 2213 vapulet
1436 2168 1545 2201 Non.²
1592 2171 1634 2201 de

197 2220 314 2251 ancilla
337 2221 444 2261 agitur
491 2230 552 2258 371
576 2221 666 2251 Non.
689 2228 754 2260 420
801 2231 906 2261 quam
923 2219 992 2250 scil.
1010 2222 1219 2251 meretricem
1235 2220 1327 2249 vzdes
1375 2226 1441 2254 372
1458 2218 1549 2247 Non.
1569 2222 1632 2256 275

197 2270 290 2296 certa
301 2271 385 2297 sunt
400 2266 467 2297 scil.
487 2278 525 2297 ea
538 2267 696 2303 beneficia
720 2262 955 2296 ‘mutuantur’
1003 2273 1070 2302 373
1082 2265 1174 2295 Non.
1190 2271 1252 2304 237
1273 2263 1397 2302 (liber
1414 2262 1632 2300 XXVIII)

197 2315 383 2342 socratium
414 2312 495 2342 trad.
544 2313 707 2353 quidante
738 2313 883 2352 (qmdffi)
918 2311 999 2341 trad.
1037 2314 1133 2341 mzsssse
1165 2311 1286 2350 Guyet,
1323 2309 1384 2339 sed
1415 2308 1456 2338 cf.
1491 2305 1635 2339 Skutsch

199 2357 287 2386 Mus.
316 2356 428 2388 Rhen.
454 2357 508 2397 48,
533 2364 596 2397 305
634 2354 776 2387 ‘dicunt’
846 2365 912 2393 374
936 2357 1027 2387 Non.
1046 2364 1111 2396 492
1148 2353 1227 2397 (ab)
1247 2354 1404 2385 Lachm.:
1431 2355 1467 2384 in
1492 2352 1632 2384 Casaub.

200 2410 265 2438 375
290 2403 380 2433 Non.
401 2411 464 2443 249
497 2405 680 2434 committit
704 2400 841 2432 Lachm.
878 2402 985 2442 agitur
1009 2401 1050 2432 de
1075 2411 1174 2432 avaro
1198 2410 1292 2431 arcae
1316 2399 1491 2430 adsidente
1567 2398 1635 2434 376

200 2447 291 2478 Non.
314 2455 373 2488 175
412 2449 454 2478 ad
473 2458 542 2478 rem
567 2448 608 2478 cf.
635 2446 726 2478 Cich.
758 2454 822 2487 150
867 2454 1046 2478 centunem
1070 2457 1100 2477 v.
1118 2446 1140 2476 1.
1257 2455 1323 2482 377
1354 2446 1446 2476 Non.
1478 2442 1541 2483 248
1566 2443 1635 2483 fiet

199 2496 233 2521 et
256 2490 306 2522 L¹
347 2504 433 2524 non:
457 2505 549 2524 nunc
574 2493 707 2524 Vahlen
811 2495 878 2529 378
902 2493 993 2523 Νοη.
1020 2491 1082 2533 365
1126 2497 1199 2533 par
1229 2496 1326 2523 vocat
1348 2492 1420 2521 ullo
1445 2489 1479 2519 ll.
1517 2488 1633 2519 catillo

200 2536 358 2568 Mercier:
388 2539 509 2570 Catulo
535 2538 664 2570 Cichor.
694 2545 757 2578 150
769 2548 802 2568 ss
939 2547 1007 2575 379
1030 2538 1121 2568 Non.
1148 2544 1210 2577 331
1262 2540 1372 2567 ierat.-
1397 2538 1447 2566 ire
1470 2535 1518 2564 ad
1531 2531 1631 2563 trad.:

201 2578 425 2657 ‘Laccssfuemt’
463 2585 571 2624 agitur
594 2584 636 2615 de
661 2583 814 2614 00nvivio
831 2582 1116 2624 philosophorum,
1142 2582 1262 2623 quibus
1279 2580 1424 2612 Athenis
1441 2578 1633 2609 interfuerat

232 2637 285 2657 uer
299 2638 347 2658 ms
