1747 2865
107 1725 139 1742 10

173 129 186 155 1
196 119 248 167 58
756 123 791 145 D.
819 123 997 145 LABERIVS

166 233 219 268 26
251 227 321 280 (69
334 229 367 279 5)
939 226 1044 267 visus
1075 231 1150 267 hac
1179 227 1301 268 nocti'i
1331 232 1482 269 bidenti

407 282 571 335 propter
601 287 706 323 viam
738 287 869 323 facere

167 347 216 381 27
250 341 386 393 (7255)
409 339 663 380 Demecritus
695 339 909 380 Abderites
939 344 1125 392 physicus
1155 340 1418 394 philosophus

406 395 577 448 clipeum
609 399 810 437 constituit
841 395 980 437 contra
1010 407 1192 438 exortum
1223 398 1481 451 Hyperionis,

406 452 542 493 ocules
574 457 753 493 effodere
783 462 827 493 ut
856 453 992 505 pesset
1022 458 1237 506 splendore
1261 454 1390 496 aereo.

406 513 459 549 ita
489 510 607 550 radiis
639 513 730 550 solis
761 510 887 550 aciem
919 514 1059 551 effodit
1089 510 1256 560 luminis,

406 566 520 607 malis
551 571 657 607 bene
688 582 775 606 esse
804 566 856 606 ne
887 571 1039 607 videret
1069 567 1232 609 civibus.

405 627 459 663 sic
491 623 564 676 ego
596 627 778 675 fulgentis
808 623 1063 676 splendorem
1095 624 1290 677 pecuniae

403 683 494 720 volo
526 680 747 720 elucificare
778 679 927 720 exitum
957 680 1079 721 aetati
1109 697 1234 730 meae,

403 753 456 777 ne
485 741 524 776 in
556 736 597 777 re
627 741 736 777 bona
766 741 924 778 videam
957 737 1042 779 esse
1073 753 1248 791 nequam
1278 738 1405 779 filium

163 799 214 834 28
247 795 335 846 (80)
405 793 489 833 non
511 809 744 842 mammosa,
766 793 848 834 nen
870 810 1034 842 annosa,
1059 794 1144 835 nen
1164 799 1315 844 bibosa,
1340 795 1424 836 nen
1445 811 1594 848 procax

162 857 214 892 29
247 852 334 903 (83)
680 854 757 891 hoc
793 855 915 891 voluit
949 851 1121 904 clipeum
1152 862 1290 893 contra
1319 852 1480 905 peluem

461 906 486 919 ,.
517 911 524 917 .

402 923 525 959 promi

161 970 213 1006 30
247 965 333 1016 (87)
404 967 514 1004 tollet
545 968 653 1004 bona
684 968 765 1004 fide
796 980 866 1005 vos
898 967 1024 1006 Orcus
1055 970 1184 1006 nudas
1213 970 1253 1006 in
1284 976 1486 1007 catomum

161 1028 213 1063 31
246 1023 362 1073 (905)
402 1026 968 1062 ..o..o-o..o-dominus
999 1022 1135 1063 noster
1165 1032 1233 1063 tua
1265 1052 1268 1055 Δ

401 1077 674 1118 luculentitz'ite
705 1088 843 1130 captus

161 1140 213 1176 32
246 1136 333 1187 (94)
402 1134 539 1175 amere
571 1139 694 1175 cecidi
725 1136 931 1187 tamquam
962 1140 1084 1176 blatta
1114 1141 1154 1176 in
1184 1139 1332 1189 peluim

160 1197 213 1233 33
245 1193 314 1244 (98
327 1193 381 1244 55)
406 1191 643 1240 Necessitas,
675 1196 784 1233 cuius
815 1191 950 1233 cursus
981 1197 1192 1234 transversi
1222 1193 1416 1246 impetum

401 1248 612 1289 voluerunt
642 1253 752 1289 multi
784 1248 967 1302 effugere,
1000 1254 1116 1302 pauci
1146 1249 1372 1303 pdtuerunt,

400 1321 480 1357 quo
512 1305 577 1345 me
610 1310 775 1346 detrusit
805 1306 935 1358 paene
967 1311 1153 1348 extremis
1183 1307 1384 1348 sensibus!

401 1378 521 1414 quem
552 1362 659 1403 nulla
690 1367 864 1411 ambitio,
896 1363 1003 1404 m'illa
1034 1380 1226 1417 umquam
1256 1364 1419 1417 largitio,

402 1419 532 1460 nullus
562 1424 690 1468 timor,
721 1424 777 1460 vis
809 1419 926 1469 nulla,
958 1425 1065 1461 nulla
1095 1421 1307 1461 aucteritas

399 1476 561 1517 movere
591 1481 719 1529 potuit
749 1477 791 1517 in
822 1481 981 1517 iuventa
1013 1478 1064 1518 de
1095 1488 1219 1518 statu:

400 1548 492 1574 ecce
524 1533 564 1573 in
596 1543 756 1574 senecta
787 1544 829 1574 ut
859 1535 973 1574 facile
1003 1535 1188 1575 labefecit
1218 1539 1306 1575 loco

399 1594 469 1630 viri
501 1590 728 1631 excellentis
759 1590 895 1631 mente
926 1596 1122 1632 clemente
1154 1591 1259 1632 edita

399 1647 611 1688 summissa
644 1651 800 1700 placide
830 1648 1136 1701 blandiloquens
1168 1648 1314 1689 oratio!

398 1708 544 1744 etenim
576 1704 651 1757 ipsi
683 1708 723 1744 di
754 1705 899 1758 negare
931 1709 992 1745 cui
1023 1710 1075 1745 nil
1105 1705 1333 1758 petuerunt‚

398 1760 603 1801 hominem
635 1778 700 1802 me
732 1762 930 1815 denegare
960 1766 1046 1815 quis
1077 1761 1213 1814 posset
1243 1765 1351 1814 pati?

399 1834 471 1870 ego
503 1817 564 1858 bis
595 1822 751 1858 tricenis
783 1819 896 1859 annis
927 1823 1024 1860 actis
1054 1819 1141 1859 sine
1171 1829 1269 1859 nota

398 1874 520 1927 eques
553 1878 758 1916 Romanus
791 1875 842 1932 (e)
875 1879 975 1916 Lare
1006 1875 1185 1928 egressus
1216 1891 1307 1915 meo

399 1931 566 1972 domum
597 1942 769 1973 revertar
799 1932 955 1973 mimus.
1010 1937 1049 1972 ni
1080 1937 1222 1972 mirum
1254 1932 1331 1972 hec
1362 1936 1427 1972 die

397 1988 479 2028 uno
510 1993 597 2041 plus
628 1993 705 2029 vixi
736 1989 834 2029 mihi
866 2005 987 2042 quam
1018 1988 1234 2030 vivendum
1265 1993 1345 2029 fuit.

156 2142 200 2170 26
224 2140 314 2170 Non.
334 2147 373 2180 53
420 2148 431 2168 1
460 2151 498 2169 ac
522 2144 615 2170 nocte
638 2142 780 2170 bidentl's
804 2140 837 2170 ll.
909 2149 951 2176 27
977 2139 1064 2171 Gell.
1085 2148 1135 2177 10,
1156 2146 1206 2178 17,
1225 2149 1245 2180 4
1288 2137 1335 2169 65
1352 2153 1395 2164 =
1412 2139 1503 2169 Non.
1525 2137 1586 2169 106

157 2186 339 2225 (Restio)
382 2192 398 2226 5
425 2186 583 2215 civilibus
600 2196 629 2215 V.
651 2185 670 2215 l.
713 2185 732 2216 6
750 2197 827 2227 ego:
844 2189 891 2216 ito
908 2186 999 2216 Non.
1020 2185 1052 2216 ll.
1081 2186 1250 2228 fulgenti
1262 2195 1292 2214 V.
1312 2183 1334 2214 l.
1372 2185 1586 2225 splendorem

155 2231 332 2261 Tornaes:
364 2232 543 2272 splendore
567 2233 602 2261 in
629 2230 713 2262 Gell.
738 2231 790 2261 ll.:
822 2233 1000 2272 splendore
1024 2231 1115 2261 Non.
1140 2230 1172 2260 ll.
1209 2231 1379 2273 fulgenti
1397 2231 1591 2270 splendor-ei

154 2276 182 2305 ci
207 2276 354 2315 Lindsay
412 2283 428 2315 7
457 2277 628 2317 lucz'ficare
655 2277 766 2316 (lud-j
794 2276 879 2307 Gell.
898 2277 930 2307 ll.
979 2279 1100 2307 aetatis
1123 2277 1214 2306 Non.
1234 2275 1265 2306 ll.
1321 2274 1340 2305 8
1364 2286 1430 2306 esse
1452 2277 1585 2306 vzkz'eam

155 2331 238 2351 unus
277 2333 382 2363 quam
399 2332 429 2352 v.
450 2322 470 2352 l.
519 2325 563 2353 28
582 2322 667 2353 Gell.
687 2330 718 2361 3,
742 2330 791 2359 12,
811 2332 832 2362 4
874 2322 1120 2361 (Salinator)
1163 2332 1275 2359 anosa,
1288 2325 1447 2361 pannosa
1463 2330 1491 2350 ci
1509 2320 1584 2350 edd.

155 2375 199 2403 29
223 2367 312 2398 Non.
346 2366 407 2407 196
456 2368 660 2406 (Sorores)
713 2376 725 2398 1
753 2369 881 2409 clipeus
905 2368 937 2398 ll.
986 2368 1030 2398 ad
1047 2369 1185 2408 peluem
1220 2367 1262 2397 cf.
1284 2367 1344 2406 fxg.
1371 2373 1412 2406 32
1452 2371 1486 2396 et
1507 2364 1583 2396 Vel.

156 2412 259 2451 Long.
285 2412 346 2443 GL
364 2413 435 2443 VII
452 2414 492 2453 65
565 2422 610 2450 3⁰
635 2413 720 2444 Gell.
742 2411 791 2450 16,
811 2420 841 2451 7,
859 2422 879 2453 4
921 2413 1236 2452 (Staminariae)
1283 2414 1457 2443 catonz'um
1480 2420 1582 2441 unus:

155 2454 228 2488 κατ’
247 2455 348 2502 ὠμόν.
374 2458 416 2488 cf.
435 2458 535 2489 Thes.
554 2459 608 2489 111
625 2458 692 2489 620
709 2469 734 2489 s.
751 2469 782 2488 v.
848 2467 886 2496 3¹
908 2459 999 2489 Non.
1025 2465 1083 2499 135
1123 2458 1285 2497 (Tusca)
1348 2465 1392 2493 :32
1411 2457 1500 2487 Non.
1519 2462 1581 2496 543

156 2502 311 2542 (Virgo)
360 2500 487 2534 ‘sinum
511 2507 711 2545 aquarium,
737 2507 772 2535 in
797 2515 864 2545 quo
887 2507 990 2535 varia
1015 2505 1108 2542 (vasa
1132 2503 1224 2541 Mue)
1244 2498 1470 2543 pelluuntur’
1539 2508 1583 2536 33

156 2547 258 2577 Macr.
272 2553 331 2578 sat.
349 2556 378 2585 2,
394 2555 410 2586 7
438 2549 630 2587 (fabulae
648 2551 844 2580 incertae
863 2549 1036 2590 prologum
1054 2550 1124 2590 ipse
1141 2548 1287 2589 loquitur
1302 2550 1412 2589 poeta)
1438 2546 1480 2577 cf.
1497 2544 1581 2576 Gell.

156 2593 187 2629 8,
210 2599 246 2632 15
278 2592 345 2623 Cic.
364 2594 425 2624 off.
448 2602 474 2631 1,
496 2602 559 2634 114
619 2603 631 2624 1
661 2597 791 2635 impetu
816 2593 888 2625 Bal
936 2602 954 2634 3
982 2605 1050 2625 me:
1075 2596 1170 2625 modo
1194 2603 1279 2624 unus
1325 2593 1476 2623 detrusti
1496 2588 1580 2621 Scal.

155 2647 174 2676 4
200 2640 342 2678 inquam
367 2638 454 2669 Gud.
504 2638 524 2669 6
549 2642 585 2669 in
610 2642 680 2670 z'uv.
701 2645 773 2680 pot.
799 2640 873 2670 Par.
927 2648 963 2669 11
991 2642 1056 2681 qui
1075 2640 1105 2670 ci
1129 2639 1176 2669 H.
1202 2638 1319 2676 Meyer
1369 2644 1405 2678 15
1431 2645 1486 2666 om
1506 2635 1580 2665 Par.
