<?xml version="1.0" encoding="UTF-8"?>
<!DOCTYPE html PUBLIC "-//W3C//DTD XHTML 1.0 Transitional//EN"
    "http://www.w3.org/TR/xhtml1/DTD/xhtml1-transitional.dtd">
<html xmlns="http://www.w3.org/1999/xhtml" xml:lang="en" lang="en">
 <head>
  <title>
</title>
<meta http-equiv="Content-Type" content="text/html;charset=utf-8" />
  <meta name='ocr-system' content='tesseract 3.04.00' />
  <meta name='ocr-capabilities' content='ocr_page ocr_carea ocr_par ocr_line ocrx_word'/>
</head>
<body>
  <div class='ocr_page' id='page_1' title='image "./poetarumromanoru00diehuoft_0135.png"; bbox 0 0 1747 2865; ppageno 0'>
   <div class='ocr_carea' id='block_1_1' title="bbox 585 123 1553 170">
    <p class='ocr_par' dir='ltr' id='par_1_1' title="bbox 585 123 1553 170">
     <span class='ocr_line' id='line_1_1' title="bbox 585 123 1553 170; baseline 0.001 -24"><span class='ocrx_word' id='word_1_1' title='bbox 585 123 815 147; x_wconf 83' lang='lat' dir='ltr'>SATVRARVM</span> <span class='ocrx_word' id='word_1_2' title='bbox 840 124 953 147; x_wconf 81' lang='lat' dir='ltr'>XXVII.</span> <span class='ocrx_word' id='word_1_3' title='bbox 986 124 1104 147; x_wconf 79' lang='lat' dir='ltr'>XXVIH</span> <span class='ocrx_word' id='word_1_4' title='bbox 1483 133 1526 170; x_wconf 73' lang='lat'>13</span> <span class='ocrx_word' id='word_1_5' title='bbox 1540 134 1553 159; x_wconf 74' lang='grc' dir='ltr'>Ι</span> 
     </span>
    </p>
   </div>
   <div class='ocr_carea' id='block_1_2' title="bbox 124 227 1559 507">
    <p class='ocr_par' dir='ltr' id='par_1_2' title="bbox 125 227 1484 282">
     <span class='ocr_line' id='line_1_2' title="bbox 125 227 1484 282; baseline -0.001 -11"><span class='ocrx_word' id='word_1_6' title='bbox 125 235 207 271; x_wconf 86' lang='grc'>380</span> <span class='ocrx_word' id='word_1_7' title='bbox 239 230 354 282; x_wconf 88' lang='grc'>(752)</span> <span class='ocrx_word' id='word_1_8' title='bbox 425 227 628 280; x_wconf 76' lang='lat' dir='ltr'>ephebum</span> <span class='ocrx_word' id='word_1_9' title='bbox 660 233 863 280; x_wconf 84' lang='lat' dir='ltr'>quendam</span> <span class='ocrx_word' id='word_1_10' title='bbox 896 228 1016 281; x_wconf 75' lang='lat' dir='ltr'>quem</span> <span class='ocrx_word' id='word_1_11' title='bbox 1047 229 1308 281; x_wconf 78' lang='lat' dir='ltr'>pareutacton</span> <span class='ocrx_word' id='word_1_12' title='bbox 1339 240 1484 270; x_wconf 89' lang='lat' dir='ltr'>vocant</span> 
     </span>
    </p>

    <p class='ocr_par' dir='ltr' id='par_1_3' title="bbox 125 284 1445 339">
     <span class='ocr_line' id='line_1_3' title="bbox 125 284 1445 339; baseline 0.001 -13"><span class='ocrx_word' id='word_1_13' title='bbox 125 292 205 327; x_wconf 94' lang='lat'>381</span> <span class='ocrx_word' id='word_1_14' title='bbox 239 286 355 338; x_wconf 81' lang='lat'><strong>(753)</strong></span> <span class='ocrx_word' id='word_1_15' title='bbox 426 284 558 325; x_wconf 82' lang='lat' dir='ltr'>eido&#39;la</span> <span class='ocrx_word' id='word_1_16' title='bbox 589 294 708 337; x_wconf 89' lang='lat' dir='ltr'>atque</span> <span class='ocrx_word' id='word_1_17' title='bbox 739 295 896 326; x_wconf 83' lang='lat' dir='ltr'>atomus</span> <span class='ocrx_word' id='word_1_18' title='bbox 928 285 1088 326; x_wconf 84' lang='lat' dir='ltr'>vincere</span> <span class='ocrx_word' id='word_1_19' title='bbox 1119 286 1281 339; x_wconf 84' lang='lat' dir='ltr'>Epicuri</span> <span class='ocrx_word' id='word_1_20' title='bbox 1312 291 1445 328; x_wconf 90' lang='lat' dir='ltr'>volam</span> 
     </span>
    </p>

    <p class='ocr_par' dir='ltr' id='par_1_4' title="bbox 124 341 1428 396">
     <span class='ocr_line' id='line_1_4' title="bbox 124 341 1428 396; baseline 0 -12"><span class='ocrx_word' id='word_1_21' title='bbox 124 348 205 384; x_wconf 78' lang='lat'>382</span> <span class='ocrx_word' id='word_1_22' title='bbox 239 344 354 395; x_wconf 84' lang='lat'><strong>(754)</strong></span> <span class='ocrx_word' id='word_1_23' title='bbox 424 346 531 382; x_wconf 87' lang='lat' dir='ltr'>adde</span> <span class='ocrx_word' id='word_1_24' title='bbox 563 341 719 390; x_wconf 78' lang='lat' dir='ltr'>eodem,</span> <span class='ocrx_word' id='word_1_25' title='bbox 750 347 867 383; x_wconf 85' lang='lat' dir='ltr'>tristis</span> <span class='ocrx_word' id='word_1_26' title='bbox 899 342 945 383; x_wconf 71' lang='lat' dir='ltr'>ac</span> <span class='ocrx_word' id='word_1_27' title='bbox 976 358 1134 384; x_wconf 83' lang='lat' dir='ltr'>severus</span> <span class='ocrx_word' id='word_1_28' title='bbox 1165 343 1428 396; x_wconf 86' lang='lat' dir='ltr'>philosophus</span> 
     </span>
    </p>

    <p class='ocr_par' dir='ltr' id='par_1_5' title="bbox 257 397 1559 507">
     <span class='ocr_line' id='line_1_5' title="bbox 257 397 1559 452; baseline 0.002 -14"><span class='ocrx_word' id='word_1_29' title='bbox 257 411 334 450; x_wconf 83' lang='lat'>755</span> <span class='ocrx_word' id='word_1_30' title='bbox 349 400 382 452; x_wconf 93' lang='lat' dir='ltr'>s)</span> <span class='ocrx_word' id='word_1_31' title='bbox 425 397 620 438; x_wconf 79' lang='lat' dir='ltr'>Polemon</span> <span class='ocrx_word' id='word_1_32' title='bbox 651 408 689 439; x_wconf 92' lang='lat' dir='ltr'>et</span> <span class='ocrx_word' id='word_1_33' title='bbox 719 403 876 448; x_wconf 88' lang='lat' dir='ltr'>amavit,</span> <span class='ocrx_word' id='word_1_34' title='bbox 918 399 1046 441; x_wconf 79' lang='lat' dir='ltr'>morte</span> <span class='ocrx_word' id='word_1_35' title='bbox 1076 404 1168 440; x_wconf 84' lang='lat' dir='ltr'>huic</span> <span class='ocrx_word' id='word_1_36' title='bbox 1198 401 1415 442; x_wconf 85' lang='lat' dir='ltr'>transmisit</span> <span class='ocrx_word' id='word_1_37' title='bbox 1445 417 1559 442; x_wconf 90' lang='lat' dir='ltr'>suam</span> 
     </span>
     <span class='ocr_line' id='line_1_6' title="bbox 424 454 880 507; baseline 0 -11"><span class='ocrx_word' id='word_1_38' title='bbox 424 454 559 496; x_wconf 74' lang='lat' dir='ltr'>scolen</span> <span class='ocrx_word' id='word_1_39' title='bbox 591 471 711 507; x_wconf 90' lang='lat' dir='ltr'>quam</span> <span class='ocrx_word' id='word_1_40' title='bbox 743 460 880 496; x_wconf 85' lang='lat' dir='ltr'>dicunt</span> 
     </span>
    </p>
   </div>
   <div class='ocr_carea' id='block_1_3' title="bbox 121 511 1558 738">
    <p class='ocr_par' dir='ltr' id='par_1_6' title="bbox 121 511 1558 738">
     <span class='ocr_line' id='line_1_7' title="bbox 123 511 1500 566; baseline 0.001 -12"><span class='ocrx_word' id='word_1_41' title='bbox 123 519 204 555; x_wconf 89' lang='lat'>384</span> <span class='ocrx_word' id='word_1_42' title='bbox 237 514 351 565; x_wconf 83' lang='lat'><strong>(757)</strong></span> <span class='ocrx_word' id='word_1_43' title='bbox 421 511 559 552; x_wconf 75' lang='lat' dir='ltr'>verum</span> <span class='ocrx_word' id='word_1_44' title='bbox 590 522 633 552; x_wconf 91' lang='lat' dir='ltr'>tu</span> <span class='ocrx_word' id='word_1_45' title='bbox 665 516 761 564; x_wconf 89' lang='lat' dir='ltr'>quid</span> <span class='ocrx_word' id='word_1_46' title='bbox 792 517 904 565; x_wconf 75' lang='lat' dir='ltr'>agis?</span> <span class='ocrx_word' id='word_1_47' title='bbox 960 513 1168 566; x_wconf 86' lang='lat' dir='ltr'>interpella</span> <span class='ocrx_word' id='word_1_48' title='bbox 1199 530 1273 562; x_wconf 89' lang='lat' dir='ltr'>me,</span> <span class='ocrx_word' id='word_1_49' title='bbox 1306 514 1348 555; x_wconf 75' lang='lat' dir='ltr'>ut</span> <span class='ocrx_word' id='word_1_50' title='bbox 1379 519 1500 556; x_wconf 88' lang='lat' dir='ltr'>sciam</span> 
     </span>
     <span class='ocr_line' id='line_1_8' title="bbox 122 569 1557 623; baseline 0.001 -11"><span class='ocrx_word' id='word_1_51' title='bbox 122 576 202 612; x_wconf 80' lang='lat'>385</span> <span class='ocrx_word' id='word_1_52' title='bbox 236 571 351 623; x_wconf 84' lang='lat'>(758)</span> <span class='ocrx_word' id='word_1_53' title='bbox 421 569 619 621; x_wconf 77' lang='lat' dir='ltr'>persuade</span> <span class='ocrx_word' id='word_1_54' title='bbox 651 579 690 609; x_wconf 90' lang='lat' dir='ltr'>et</span> <span class='ocrx_word' id='word_1_55' title='bbox 719 574 850 618; x_wconf 84' lang='lat' dir='ltr'>transi,</span> <span class='ocrx_word' id='word_1_56' title='bbox 882 570 944 610; x_wconf 75' lang='lat' dir='ltr'>vel</span> <span class='ocrx_word' id='word_1_57' title='bbox 976 575 1028 610; x_wconf 84' lang='lat' dir='ltr'>da</span> <span class='ocrx_word' id='word_1_58' title='bbox 1055 586 1177 623; x_wconf 87' lang='lat' dir='ltr'>quam</span> <span class='ocrx_word' id='word_1_59' title='bbox 1200 576 1252 612; x_wconf 90' lang='lat' dir='ltr'>ob</span> <span class='ocrx_word' id='word_1_60' title='bbox 1274 587 1357 612; x_wconf 89' lang='lat' dir='ltr'>rem</span> <span class='ocrx_word' id='word_1_61' title='bbox 1379 572 1557 613; x_wconf 72' lang='lat' dir='ltr'>transeas</span> 
     </span>
     <span class='ocr_line' id='line_1_9' title="bbox 122 626 1558 681; baseline 0.001 -12"><span class='ocrx_word' id='word_1_62' title='bbox 122 633 204 669; x_wconf 82' lang='grc'>386</span> <span class='ocrx_word' id='word_1_63' title='bbox 237 628 353 679; x_wconf 88' lang='grc'>(759)</span> <span class='ocrx_word' id='word_1_64' title='bbox 423 629 485 666; x_wconf 92' lang='lat' dir='ltr'>vel</span> <span class='ocrx_word' id='word_1_65' title='bbox 517 630 549 666; x_wconf 92' lang='lat' dir='ltr'>si</span> <span class='ocrx_word' id='word_1_66' title='bbox 579 626 654 666; x_wconf 73' lang='lat' dir='ltr'>alio</span> <span class='ocrx_word' id='word_1_67' title='bbox 686 642 786 679; x_wconf 89' lang='lat' dir='ltr'>opus</span> <span class='ocrx_word' id='word_1_68' title='bbox 818 631 875 675; x_wconf 90' lang='lat' dir='ltr'>sit,</span> <span class='ocrx_word' id='word_1_69' title='bbox 907 627 1003 675; x_wconf 76' lang='lat' dir='ltr'>fore,</span> <span class='ocrx_word' id='word_1_70' title='bbox 1046 631 1075 668; x_wconf 87' lang='lat' dir='ltr'>si</span> <span class='ocrx_word' id='word_1_71' title='bbox 1107 632 1198 668; x_wconf 80' lang='lat' dir='ltr'>hinc</span> <span class='ocrx_word' id='word_1_72' title='bbox 1229 632 1363 681; x_wconf 87' lang='lat' dir='ltr'>aliquo</span> <span class='ocrx_word' id='word_1_73' title='bbox 1395 628 1558 670; x_wconf 76' lang='lat' dir='ltr'>cesseris</span> 
     </span>
     <span class='ocr_line' id='line_1_10' title="bbox 121 681 1443 738; baseline 0.001 -13"><span class='ocrx_word' id='word_1_74' title='bbox 121 690 200 725; x_wconf 82' lang='grc'>387</span> <span class='ocrx_word' id='word_1_75' title='bbox 237 685 352 736; x_wconf 94' lang='grc'>(761)</span> <span class='ocrx_word' id='word_1_76' title='bbox 421 681 550 735; x_wconf 75' lang='lat' dir='ltr'>primo</span> <span class='ocrx_word' id='word_1_77' title='bbox 582 687 819 732; x_wconf 90' lang='lat' dir='ltr'>redundant,</span> <span class='ocrx_word' id='word_1_78' title='bbox 851 683 991 724; x_wconf 74' lang='lat' dir='ltr'>aurum</span> <span class='ocrx_word' id='word_1_79' title='bbox 1022 701 1067 725; x_wconf 84' lang='lat' dir='ltr'>ac</span> <span class='ocrx_word' id='word_1_80' title='bbox 1098 685 1273 726; x_wconf 85' lang='lat' dir='ltr'>tensauri</span> <span class='ocrx_word' id='word_1_81' title='bbox 1303 695 1443 738; x_wconf 88' lang='lat' dir='ltr'>patent</span> 
     </span>
    </p>
   </div>
   <div class='ocr_carea' id='block_1_4' title="bbox 120 739 1451 965">
    <p class='ocr_par' dir='ltr' id='par_1_7' title="bbox 120 739 1451 965">
     <span class='ocr_line' id='line_1_11' title="bbox 121 739 1386 794; baseline 0.001 -12"><span class='ocrx_word' id='word_1_82' title='bbox 121 746 201 782; x_wconf 91' lang='lat'>388</span> <span class='ocrx_word' id='word_1_83' title='bbox 236 741 331 793; x_wconf 82' lang='lat'>(762</span> <span class='ocrx_word' id='word_1_84' title='bbox 346 741 380 793; x_wconf 93' lang='lat' dir='ltr'>s)</span> <span class='ocrx_word' id='word_1_85' title='bbox 422 739 626 792; x_wconf 72' lang='lat' dir='ltr'>praeterea</span> <span class='ocrx_word' id='word_1_86' title='bbox 661 744 762 781; x_wconf 85' lang='lat' dir='ltr'>haec</span> <span class='ocrx_word' id='word_1_87' title='bbox 792 741 989 782; x_wconf 84' lang='lat' dir='ltr'>subsiciva</span> <span class='ocrx_word' id='word_1_88' title='bbox 1019 745 1050 782; x_wconf 90' lang='lat' dir='ltr'>si</span> <span class='ocrx_word' id='word_1_89' title='bbox 1082 742 1246 794; x_wconf 79' lang='lat' dir='ltr'>quando</span> <span class='ocrx_word' id='word_1_90' title='bbox 1278 747 1386 784; x_wconf 88' lang='lat' dir='ltr'>voles</span> 
     </span>
     <span class='ocr_line' id='line_1_12' title="bbox 121 812 1451 906; baseline 0.002 -11"><span class='ocrx_word' id='word_1_91' title='bbox 121 860 201 895; x_wconf 90' lang='lat'>389</span> <span class='ocrx_word' id='word_1_92' title='bbox 234 854 350 906; x_wconf 95' lang='grc'>(765)</span> <span class='ocrx_word' id='word_1_93' title='bbox 418 812 614 906; x_wconf 54' lang='grc' dir='ltr'>35θὲἶίπί</span> <span class='ocrx_word' id='word_1_94' title='bbox 645 870 692 894; x_wconf 83' lang='lat' dir='ltr'>ac</span> <span class='ocrx_word' id='word_1_95' title='bbox 723 858 847 906; x_wconf 87' lang='lat' dir='ltr'>pensi,</span> <span class='ocrx_word' id='word_1_96' title='bbox 878 859 934 895; x_wconf 91' lang='lat' dir='ltr'>uti</span> <span class='ocrx_word' id='word_1_97' title='bbox 965 855 1115 896; x_wconf 74' lang='lat' dir='ltr'>litteras</span> <span class='ocrx_word' id='word_1_98' title='bbox 1147 856 1294 896; x_wconf 73' lang='lat' dir='ltr'>doceas</span> <span class='ocrx_word' id='word_1_99' title='bbox 1325 860 1451 897; x_wconf 90' lang='lat' dir='ltr'>lutum</span> 
     </span>
     <span class='ocr_line' id='line_1_13' title="bbox 120 910 1361 965; baseline 0.001 -12"><span class='ocrx_word' id='word_1_100' title='bbox 120 917 201 953; x_wconf 87' lang='grc'>390</span> <span class='ocrx_word' id='word_1_101' title='bbox 234 912 349 963; x_wconf 90' lang='grc'>(768)</span> <span class='ocrx_word' id='word_1_102' title='bbox 419 914 482 950; x_wconf 88' lang='lat' dir='ltr'>cui</span> <span class='ocrx_word' id='word_1_103' title='bbox 512 910 634 963; x_wconf 76' lang='lat' dir='ltr'>saepe</span> <span class='ocrx_word' id='word_1_104' title='bbox 665 915 770 952; x_wconf 88' lang='lat' dir='ltr'>mille</span> <span class='ocrx_word' id='word_1_105' title='bbox 800 912 958 964; x_wconf 73' lang='lat' dir='ltr'>inposui</span> <span class='ocrx_word' id='word_1_106' title='bbox 988 916 1191 965; x_wconf 84' lang='lat' dir='ltr'>plagarum</span> <span class='ocrx_word' id='word_1_107' title='bbox 1223 913 1265 953; x_wconf 81' lang='lat' dir='ltr'>in</span> <span class='ocrx_word' id='word_1_108' title='bbox 1297 917 1361 954; x_wconf 86' lang='lat' dir='ltr'>die</span> 
     </span>
    </p>
   </div>
   <div class='ocr_carea' id='block_1_5' title="bbox 121 969 1555 1137">
    <p class='ocr_par' dir='ltr' id='par_1_8' title="bbox 121 969 1555 1137">
     <span class='ocr_line' id='line_1_14' title="bbox 121 969 1441 1022; baseline 0.002 -13"><span class='ocrx_word' id='word_1_109' title='bbox 121 974 202 1009; x_wconf 90' lang='lat'>391</span> <span class='ocrx_word' id='word_1_110' title='bbox 237 969 334 1020; x_wconf 83' lang='lat'>(769</span> <span class='ocrx_word' id='word_1_111' title='bbox 348 969 382 1020; x_wconf 87' lang='lat' dir='ltr'>s)</span> <span class='ocrx_word' id='word_1_112' title='bbox 1259 969 1441 1022; x_wconf 76' lang='lat' dir='ltr'>‘piscium</span> 
     </span>
     <span class='ocr_line' id='line_1_15' title="bbox 421 1025 1555 1101; baseline 0.004 -37"><span class='ocrx_word' id='word_1_113' title='bbox 421 1040 608 1077; x_wconf 79' lang='lat' dir='ltr'>magnam</span> <span class='ocrx_word' id='word_1_114' title='bbox 630 1025 750 1077; x_wconf 76' lang='lat' dir='ltr'>atque</span> <span class='ocrx_word' id='word_1_115' title='bbox 771 1029 935 1065; x_wconf 87' lang='lat' dir='ltr'>altilium</span> <span class='ocrx_word' id='word_1_116' title='bbox 957 1030 1035 1065; x_wconf 88' lang='lat' dir='ltr'>vim</span> <span class='ocrx_word' id='word_1_117' title='bbox 1059 1026 1310 1067; x_wconf 81' lang='lat' dir='ltr'>interfecisti&#39;.</span> <span class='ocrx_word' id='word_1_118' title='bbox 1330 1053 1383 1057; x_wconf 91' lang='lat'><strong>—</strong></span> <span class='ocrx_word' id='word_1_119' title='bbox 1399 1027 1555 1101; x_wconf 47' lang='lat' dir='ltr'>“(hffli&#39;it</span> 
     </span>
     <span class='ocr_line' id='line_1_16' title="bbox 1364 1101 1468 1137; baseline 0.01 -13"><span class='ocrx_word' id='word_1_120' title='bbox 1364 1101 1468 1137; x_wconf 86' lang='lat' dir='ltr'>nego</span> 
     </span>
    </p>
   </div>
   <div class='ocr_carea' id='block_1_6' title="bbox 115 1137 1404 1820">
    <p class='ocr_par' dir='ltr' id='par_1_9' title="bbox 115 1137 1404 1820">
     <span class='ocr_line' id='line_1_17' title="bbox 119 1137 1208 1192; baseline 0 -11"><span class='ocrx_word' id='word_1_121' title='bbox 119 1145 200 1181; x_wconf 79' lang='grc'>392</span> <span class='ocrx_word' id='word_1_122' title='bbox 233 1139 327 1191; x_wconf 93' lang='grc'>(771</span> <span class='ocrx_word' id='word_1_123' title='bbox 345 1139 379 1191; x_wconf 92' lang='lat' dir='ltr'>s)</span> <span class='ocrx_word' id='word_1_124' title='bbox 421 1137 644 1179; x_wconf 71' lang='lat' dir='ltr'>orationem</span> <span class='ocrx_word' id='word_1_125' title='bbox 675 1139 806 1179; x_wconf 69' lang='lat' dir='ltr'>facere</span> <span class='ocrx_word' id='word_1_126' title='bbox 837 1140 1041 1192; x_wconf 76' lang='lat' dir='ltr'><strong>conpendi</strong></span> <span class='ocrx_word' id='word_1_127' title='bbox 1071 1150 1208 1192; x_wconf 85' lang='lat' dir='ltr'>potes:</span> 
     </span>
     <span class='ocr_line' id='line_1_18' title="bbox 419 1194 1325 1250; baseline 0.004 -16"><span class='ocrx_word' id='word_1_128' title='bbox 419 1194 537 1244; x_wconf 77' lang='lat' dir='ltr'>salve,</span> <span class='ocrx_word' id='word_1_129' title='bbox 570 1200 666 1235; x_wconf 88' lang='lat' dir='ltr'>dum</span> <span class='ocrx_word' id='word_1_130' title='bbox 698 1200 807 1237; x_wconf 88' lang='lat' dir='ltr'>salvo</span> <span class='ocrx_word' id='word_1_131' title='bbox 839 1195 950 1249; x_wconf 77' lang='lat' dir='ltr'>tergo</span> <span class='ocrx_word' id='word_1_132' title='bbox 983 1206 1021 1237; x_wconf 84' lang='lat' dir='ltr'>et</span> <span class='ocrx_word' id='word_1_133' title='bbox 1051 1197 1203 1250; x_wconf 73' lang='lat' dir='ltr'>tergino</span> <span class='ocrx_word' id='word_1_134' title='bbox 1236 1202 1325 1238; x_wconf 84' lang='lat' dir='ltr'>licet</span> 
     </span>
     <span class='ocr_line' id='line_1_19' title="bbox 118 1251 1378 1305; baseline 0.002 -11"><span class='ocrx_word' id='word_1_135' title='bbox 118 1258 200 1294; x_wconf 87' lang='lat'>393</span> <span class='ocrx_word' id='word_1_136' title='bbox 233 1253 348 1305; x_wconf 81' lang='grc'>(773)</span> <span class='ocrx_word' id='word_1_137' title='bbox 418 1256 523 1292; x_wconf 88' lang='lat' dir='ltr'>malo</span> <span class='ocrx_word' id='word_1_138' title='bbox 554 1251 687 1293; x_wconf 75' lang='lat' dir='ltr'>hercle</span> <span class='ocrx_word' id='word_1_139' title='bbox 717 1263 859 1301; x_wconf 84' lang='lat' dir='ltr'>vestro,</span> <span class='ocrx_word' id='word_1_140' title='bbox 890 1253 1139 1295; x_wconf 78' lang='lat' dir='ltr'>confectores</span> <span class='ocrx_word' id='word_1_141' title='bbox 1171 1254 1378 1296; x_wconf 70' lang='lat' dir='ltr'>cardinum</span> 
     </span>
     <span class='ocr_line' id='line_1_20' title="bbox 118 1308 1154 1362; baseline 0.001 -11"><span class='ocrx_word' id='word_1_142' title='bbox 118 1315 200 1351; x_wconf 90' lang='lat'>394</span> <span class='ocrx_word' id='word_1_143' title='bbox 233 1310 348 1362; x_wconf 85' lang='lat'>(774)</span> <span class='ocrx_word' id='word_1_144' title='bbox 419 1308 555 1357; x_wconf 80' lang='lat' dir='ltr'>Lucili,</span> <span class='ocrx_word' id='word_1_145' title='bbox 586 1313 617 1350; x_wconf 89' lang='lat' dir='ltr'>si</span> <span class='ocrx_word' id='word_1_146' title='bbox 647 1314 686 1350; x_wconf 89' lang='lat' dir='ltr'>in</span> <span class='ocrx_word' id='word_1_147' title='bbox 717 1309 855 1350; x_wconf 78' lang='lat' dir='ltr'>amore</span> <span class='ocrx_word' id='word_1_148' title='bbox 885 1311 1051 1351; x_wconf 86' lang='lat' dir='ltr'>inritarit</span> <span class='ocrx_word' id='word_1_149' title='bbox 1081 1327 1154 1352; x_wconf 91' lang='lat' dir='ltr'>suo</span> 
     </span>
     <span class='ocr_line' id='line_1_21' title="bbox 118 1366 1300 1421; baseline 0.001 -13"><span class='ocrx_word' id='word_1_150' title='bbox 118 1373 200 1408; x_wconf 77' lang='lat'>395</span> <span class='ocrx_word' id='word_1_151' title='bbox 234 1367 350 1418; x_wconf 92' lang='grc'>(775)</span> <span class='ocrx_word' id='word_1_152' title='bbox 420 1370 524 1419; x_wconf 88' lang='lat' dir='ltr'>agite</span> <span class='ocrx_word' id='word_1_153' title='bbox 556 1366 669 1419; x_wconf 72' lang='lat' dir='ltr'>agite,</span> <span class='ocrx_word' id='word_1_154' title='bbox 700 1371 816 1415; x_wconf 88' lang='lat' dir='ltr'>fures,</span> <span class='ocrx_word' id='word_1_155' title='bbox 849 1367 1034 1409; x_wconf 77' lang='lat' dir='ltr'>mendaci</span> <span class='ocrx_word' id='word_1_156' title='bbox 1065 1368 1300 1421; x_wconf 74' lang='lat' dir='ltr'>argutamini</span> 
     </span>
     <span class='ocr_line' id='line_1_22' title="bbox 118 1423 1299 1476; baseline 0.001 -11"><span class='ocrx_word' id='word_1_157' title='bbox 118 1430 199 1465; x_wconf 85' lang='grc'>396</span> <span class='ocrx_word' id='word_1_158' title='bbox 233 1425 348 1476; x_wconf 90' lang='grc'>(776)</span> <span class='ocrx_word' id='word_1_159' title='bbox 418 1427 514 1475; x_wconf 89' lang='lat' dir='ltr'>quid</span> <span class='ocrx_word' id='word_1_160' title='bbox 545 1423 620 1463; x_wconf 80' lang='lat' dir='ltr'>fit?</span> <span class='ocrx_word' id='word_1_161' title='bbox 663 1428 836 1465; x_wconf 84' lang='lat' dir='ltr'>ballistas</span> <span class='ocrx_word' id='word_1_162' title='bbox 866 1424 989 1465; x_wconf 73' lang='lat' dir='ltr'>iactas</span> <span class='ocrx_word' id='word_1_163' title='bbox 1020 1425 1299 1467; x_wconf 73' lang='lat' dir='ltr'>centenarias?</span> 
     </span>
     <span class='ocr_line' id='line_1_23' title="bbox 116 1479 1326 1534; baseline 0.002 -12"><span class='ocrx_word' id='word_1_164' title='bbox 116 1486 195 1522; x_wconf 81' lang='grc'>397</span> <span class='ocrx_word' id='word_1_165' title='bbox 231 1481 346 1533; x_wconf 88' lang='grc'>(778)</span> <span class='ocrx_word' id='word_1_166' title='bbox 415 1479 624 1521; x_wconf 81' lang='lat' dir='ltr'>submittas</span> <span class='ocrx_word' id='word_1_167' title='bbox 655 1484 763 1530; x_wconf 87' lang='lat' dir='ltr'>alios,</span> <span class='ocrx_word' id='word_1_168' title='bbox 794 1481 828 1522; x_wconf 84' lang='lat' dir='ltr'>si</span> <span class='ocrx_word' id='word_1_169' title='bbox 859 1497 960 1534; x_wconf 91' lang='lat' dir='ltr'>quos</span> <span class='ocrx_word' id='word_1_170' title='bbox 990 1486 1130 1534; x_wconf 89' lang='lat' dir='ltr'>possis,</span> <span class='ocrx_word' id='word_1_171' title='bbox 1162 1482 1326 1524; x_wconf 75' lang='lat' dir='ltr'>censeas</span> 
     </span>
     <span class='ocr_line' id='line_1_24' title="bbox 116 1536 1377 1592; baseline 0.002 -13"><span class='ocrx_word' id='word_1_172' title='bbox 116 1543 196 1579; x_wconf 88' lang='lat'>398</span> <span class='ocrx_word' id='word_1_173' title='bbox 230 1538 345 1590; x_wconf 84' lang='lat'>(779)</span> <span class='ocrx_word' id='word_1_174' title='bbox 413 1536 527 1589; x_wconf 83' lang='lat' dir='ltr'>pueri</span> <span class='ocrx_word' id='word_1_175' title='bbox 558 1547 766 1590; x_wconf 88' lang='lat' dir='ltr'>praeterea</span> <span class='ocrx_word' id='word_1_176' title='bbox 794 1538 938 1579; x_wconf 79' lang='lat' dir='ltr'>nostris</span> <span class='ocrx_word' id='word_1_177' title='bbox 970 1544 1036 1592; x_wconf 90' lang='lat' dir='ltr'>qui</span> <span class='ocrx_word' id='word_1_178' title='bbox 1067 1539 1238 1580; x_wconf 77' lang='lat' dir='ltr'>subeant</span> <span class='ocrx_word' id='word_1_179' title='bbox 1268 1544 1377 1581; x_wconf 84' lang='lat' dir='ltr'>iubet</span> 
     </span>
     <span class='ocr_line' id='line_1_25' title="bbox 230 1594 1404 1647; baseline 0.004 -14"><span class='ocrx_word' id='word_1_180' title='bbox 230 1595 345 1647; x_wconf 89' lang='grc'>(780)</span> <span class='ocrx_word' id='word_1_181' title='bbox 415 1597 534 1634; x_wconf 90' lang='lat' dir='ltr'>vitam</span> <span class='ocrx_word' id='word_1_182' title='bbox 567 1594 612 1635; x_wconf 76' lang='lat' dir='ltr'>ac</span> <span class='ocrx_word' id='word_1_183' title='bbox 642 1599 819 1636; x_wconf 85' lang='lat' dir='ltr'>fortunas</span> <span class='ocrx_word' id='word_1_184' title='bbox 851 1595 914 1636; x_wconf 83' lang='lat' dir='ltr'>cui</span> <span class='ocrx_word' id='word_1_185' title='bbox 945 1597 1264 1637; x_wconf 85' lang='lat' dir='ltr'>concrediderim</span> <span class='ocrx_word' id='word_1_186' title='bbox 1294 1614 1404 1639; x_wconf 91' lang='lat' dir='ltr'>meas</span> 
     </span>
     <span class='ocr_line' id='line_1_26' title="bbox 115 1651 1302 1705; baseline 0.002 -13"><span class='ocrx_word' id='word_1_187' title='bbox 115 1657 197 1692; x_wconf 88' lang='lat'>400</span> <span class='ocrx_word' id='word_1_188' title='bbox 231 1651 347 1704; x_wconf 80' lang='lat'>(783)</span> <span class='ocrx_word' id='word_1_189' title='bbox 417 1651 588 1691; x_wconf 73' lang='lat' dir='ltr'>minitari</span> <span class='ocrx_word' id='word_1_190' title='bbox 618 1662 764 1704; x_wconf 83' lang='lat' dir='ltr'>aperte,</span> <span class='ocrx_word' id='word_1_191' title='bbox 797 1653 934 1705; x_wconf 76' lang='lat' dir='ltr'>capitis</span> <span class='ocrx_word' id='word_1_192' title='bbox 966 1652 1164 1694; x_wconf 70' lang='lat' dir='ltr'>dicturum</span> <span class='ocrx_word' id='word_1_193' title='bbox 1196 1658 1302 1695; x_wconf 86' lang='lat' dir='ltr'>diem</span> 
     </span>
     <span class='ocr_line' id='line_1_27' title="bbox 230 1709 1277 1761; baseline 0.004 -14"><span class='ocrx_word' id='word_1_194' title='bbox 230 1709 328 1760; x_wconf 85' lang='lat'>(784</span> <span class='ocrx_word' id='word_1_195' title='bbox 341 1709 396 1761; x_wconf 87' lang='lat' dir='ltr'>ss)</span> <span class='ocrx_word' id='word_1_196' title='bbox 908 1714 986 1750; x_wconf 87' lang='lat' dir='ltr'>hoc</span> <span class='ocrx_word' id='word_1_197' title='bbox 1017 1727 1107 1750; x_wconf 87' lang='lat' dir='ltr'>cum</span> <span class='ocrx_word' id='word_1_198' title='bbox 1138 1710 1277 1752; x_wconf 75' lang='lat' dir='ltr'>feceris</span> 
     </span>
     <span class='ocr_line' id='line_1_28' title="bbox 415 1765 1277 1820; baseline 0.003 -15"><span class='ocrx_word' id='word_1_199' title='bbox 415 1781 506 1805; x_wconf 89' lang='lat' dir='ltr'>cum</span> <span class='ocrx_word' id='word_1_200' title='bbox 537 1765 676 1806; x_wconf 72' lang='lat' dir='ltr'>ceteris</span> <span class='ocrx_word' id='word_1_201' title='bbox 707 1782 796 1807; x_wconf 88' lang='lat' dir='ltr'>reus</span> <span class='ocrx_word' id='word_1_202' title='bbox 827 1766 908 1807; x_wconf 75' lang='lat' dir='ltr'>una</span> <span class='ocrx_word' id='word_1_203' title='bbox 938 1767 1116 1808; x_wconf 75' lang='lat' dir='ltr'>tradetur</span> <span class='ocrx_word' id='word_1_204' title='bbox 1150 1771 1277 1820; x_wconf 91' lang='lat' dir='ltr'>Lupo.</span> 
     </span>
    </p>
   </div>
   <div class='ocr_carea' id='block_1_7' title="bbox 726 1870 1483 1879">
    <p class='ocr_par' dir='ltr' id='par_1_10' title="bbox 726 1870 1483 1879">
     <span class='ocr_line' id='line_1_29' title="bbox 726 1870 1483 1879; baseline 0 0"><span class='ocrx_word' id='word_1_205' title='bbox 726 1870 1483 1879; x_wconf 95' lang='lat' dir='ltr'> </span> 
     </span>
    </p>
   </div>
   <div class='ocr_carea' id='block_1_8' title="bbox 449 1869 1483 1880">
    <p class='ocr_par' dir='ltr' id='par_1_11' title="bbox 449 1869 1483 1880">
     <span class='ocr_line' id='line_1_30' title="bbox 449 1869 1483 1880; baseline 0 0"><span class='ocrx_word' id='word_1_206' title='bbox 449 1869 1483 1880; x_wconf 95' lang='lat' dir='ltr'> </span> 
     </span>
    </p>
   </div>
   <div class='ocr_carea' id='block_1_9' title="bbox 109 1912 1551 2682">
    <p class='ocr_par' dir='ltr' id='par_1_12' title="bbox 109 1912 1551 2682">
     <span class='ocr_line' id='line_1_31' title="bbox 114 1912 1551 1958; baseline 0.004 -14"><span class='ocrx_word' id='word_1_207' title='bbox 114 1916 182 1950; x_wconf 84' lang='grc'>380</span> <span class='ocrx_word' id='word_1_208' title='bbox 203 1914 296 1944; x_wconf 91' lang='lat' dir='ltr'>Non.</span> <span class='ocrx_word' id='word_1_209' title='bbox 322 1912 363 1953; x_wconf 86' lang='lat'>67</span> <span class='ocrx_word' id='word_1_210' title='bbox 401 1919 525 1946; x_wconf 85' lang='lat' dir='ltr'>vocant</span> <span class='ocrx_word' id='word_1_211' title='bbox 541 1920 769 1956; x_wconf 80' lang='lat' dir='ltr'>praeutacton</span> <span class='ocrx_word' id='word_1_212' title='bbox 794 1914 856 1947; x_wconf 87' lang='lat' dir='ltr'>L¹:</span> <span class='ocrx_word' id='word_1_213' title='bbox 883 1927 914 1947; x_wconf 83' lang='lat' dir='ltr'>v.</span> <span class='ocrx_word' id='word_1_214' title='bbox 935 1921 1145 1957; x_wconf 78' lang='lat' dir='ltr'>parentaton</span> <span class='ocrx_word' id='word_1_215' title='bbox 1166 1914 1227 1947; x_wconf 77' lang='lat' dir='ltr'>L²z</span> <span class='ocrx_word' id='word_1_216' title='bbox 1254 1929 1285 1948; x_wconf 84' lang='lat' dir='ltr'>v.</span> <span class='ocrx_word' id='word_1_217' title='bbox 1298 1923 1502 1958; x_wconf 79' lang='lat' dir='ltr'>parectaton</span> <span class='ocrx_word' id='word_1_218' title='bbox 1520 1918 1551 1950; x_wconf 85' lang='lat' dir='ltr'>G</span> 
     </span>
     <span class='ocr_line' id='line_1_32' title="bbox 114 1958 1550 2004; baseline 0.004 -15"><span class='ocrx_word' id='word_1_219' title='bbox 114 1961 175 1996; x_wconf 86' lang='grc'>381</span> <span class='ocrx_word' id='word_1_220' title='bbox 204 1960 296 1990; x_wconf 90' lang='lat' dir='ltr'>Non.</span> <span class='ocrx_word' id='word_1_221' title='bbox 315 1959 380 2000; x_wconf 91' lang='lat'>478</span> <span class='ocrx_word' id='word_1_222' title='bbox 427 1965 462 1991; x_wconf 90' lang='lat' dir='ltr'>et</span> <span class='ocrx_word' id='word_1_223' title='bbox 483 1962 561 1991; x_wconf 87' lang='lat' dir='ltr'>dola</span> <span class='ocrx_word' id='word_1_224' title='bbox 586 1961 668 1991; x_wconf 87' lang='lat' dir='ltr'>trad.</span> <span class='ocrx_word' id='word_1_225' title='bbox 705 1972 839 1992; x_wconf 86' lang='lat' dir='ltr'>acomus</span> <span class='ocrx_word' id='word_1_226' title='bbox 863 1962 892 1992; x_wconf 94' lang='lat' dir='ltr'>L</span> <span class='ocrx_word' id='word_1_227' title='bbox 924 1958 1050 1993; x_wconf 73' lang='lat' dir='ltr'>‘velim&#39;</span> <span class='ocrx_word' id='word_1_228' title='bbox 1121 1965 1187 1999; x_wconf 82' lang='lat'>382</span> <span class='ocrx_word' id='word_1_229' title='bbox 1212 1963 1302 1993; x_wconf 93' lang='lat' dir='ltr'>Non.</span> <span class='ocrx_word' id='word_1_230' title='bbox 1322 1972 1388 2004; x_wconf 87' lang='lat'>410</span> <span class='ocrx_word' id='word_1_231' title='bbox 1413 1960 1550 1995; x_wconf 74' lang='lat' dir='ltr'>‘doctus&#39;</span> 
     </span>
     <span class='ocr_line' id='line_1_33' title="bbox 114 2005 1550 2046; baseline 0.004 -12"><span class='ocrx_word' id='word_1_232' title='bbox 114 2007 181 2041; x_wconf 91' lang='grc'>383</span> <span class='ocrx_word' id='word_1_233' title='bbox 204 2005 296 2035; x_wconf 89' lang='lat' dir='ltr'>Non.</span> <span class='ocrx_word' id='word_1_234' title='bbox 323 2014 390 2046; x_wconf 86' lang='lat'>414</span> <span class='ocrx_word' id='word_1_235' title='bbox 441 2014 453 2036; x_wconf 94' lang='lat'>1</span> <span class='ocrx_word' id='word_1_236' title='bbox 490 2010 634 2037; x_wconf 85' lang='lat' dir='ltr'>mortem</span> <span class='ocrx_word' id='word_1_237' title='bbox 666 2007 748 2037; x_wconf 86' lang='lat' dir='ltr'>trad.</span> <span class='ocrx_word' id='word_1_238' title='bbox 791 2008 872 2038; x_wconf 76' lang='lat' dir='ltr'>huic</span> <span class='ocrx_word' id='word_1_239' title='bbox 903 2017 946 2038; x_wconf 91' lang='lat' dir='ltr'>sc.</span> <span class='ocrx_word' id='word_1_240' title='bbox 977 2008 1109 2039; x_wconf 84' lang='lat' dir='ltr'>Crateti</span> <span class='ocrx_word' id='word_1_241' title='bbox 1148 2005 1321 2039; x_wconf 73' lang='lat' dir='ltr'>‘tradzdz&#39;t’</span> <span class='ocrx_word' id='word_1_242' title='bbox 1370 2017 1387 2038; x_wconf 93' lang='lat'>2</span> <span class='ocrx_word' id='word_1_243' title='bbox 1415 2011 1550 2041; x_wconf 80' lang='lat' dir='ltr'>scotlem</span> 
     </span>
     <span class='ocr_line' id='line_1_34' title="bbox 114 2050 1550 2096; baseline 0.003 -16"><span class='ocrx_word' id='word_1_244' title='bbox 114 2050 197 2080; x_wconf 75' lang='lat' dir='ltr'>trad.</span> <span class='ocrx_word' id='word_1_245' title='bbox 268 2053 336 2087; x_wconf 80' lang='lat'>384</span> <span class='ocrx_word' id='word_1_246' title='bbox 360 2051 451 2082; x_wconf 90' lang='lat' dir='ltr'>Non.</span> <span class='ocrx_word' id='word_1_247' title='bbox 470 2059 535 2091; x_wconf 86' lang='lat'>330</span> <span class='ocrx_word' id='word_1_248' title='bbox 606 2054 672 2089; x_wconf 85' lang='lat'>385</span> <span class='ocrx_word' id='word_1_249' title='bbox 689 2053 780 2082; x_wconf 90' lang='lat' dir='ltr'>Non.</span> <span class='ocrx_word' id='word_1_250' title='bbox 801 2059 865 2092; x_wconf 88' lang='lat'>279</span> <span class='ocrx_word' id='word_1_251' title='bbox 905 2054 962 2083; x_wconf 75' lang='lat' dir='ltr'>vel</span> <span class='ocrx_word' id='word_1_252' title='bbox 976 2052 1026 2083; x_wconf 89' lang='lat'>11.:</span> <span class='ocrx_word' id='word_1_253' title='bbox 1058 2055 1117 2084; x_wconf 84' lang='lat' dir='ltr'>sed</span> <span class='ocrx_word' id='word_1_254' title='bbox 1145 2050 1220 2085; x_wconf 68' lang='lat' dir='ltr'><em>‘dic&#39;</em></span> <span class='ocrx_word' id='word_1_255' title='bbox 1290 2057 1358 2091; x_wconf 88' lang='grc'>386</span> <span class='ocrx_word' id='word_1_256' title='bbox 1374 2055 1465 2085; x_wconf 90' lang='lat' dir='ltr'>Non.</span> <span class='ocrx_word' id='word_1_257' title='bbox 1485 2062 1550 2096; x_wconf 97' lang='grc'>250</span> 
     </span>
     <span class='ocr_line' id='line_1_35' title="bbox 109 2095 1546 2141; baseline 0.003 -15"><span class='ocrx_word' id='word_1_258' title='bbox 109 2097 191 2136; x_wconf 84' lang='lat' dir='ltr'><em>fore</em></span> <span class='ocrx_word' id='word_1_259' title='bbox 214 2095 282 2126; x_wconf 89' lang='lat' dir='ltr'>scil.</span> <span class='ocrx_word' id='word_1_260' title='bbox 307 2098 459 2134; x_wconf 80' lang='lat' dir='ltr'>divitias,</span> <span class='ocrx_word' id='word_1_261' title='bbox 484 2100 617 2134; x_wconf 78' lang='lat' dir='ltr'>amicos,</span> <span class='ocrx_word' id='word_1_262' title='bbox 642 2099 876 2129; x_wconf 69' lang='lat' dir='ltr'>valetudinem</span> <span class='ocrx_word' id='word_1_263' title='bbox 953 2101 1019 2135; x_wconf 89' lang='grc'>387</span> <span class='ocrx_word' id='word_1_264' title='bbox 1043 2099 1136 2129; x_wconf 88' lang='lat' dir='ltr'>Non.</span> <span class='ocrx_word' id='word_1_265' title='bbox 1154 2098 1220 2139; x_wconf 84' lang='lat'>384</span> <span class='ocrx_word' id='word_1_266' title='bbox 1283 2102 1349 2136; x_wconf 82' lang='lat'>388</span> <span class='ocrx_word' id='word_1_267' title='bbox 1373 2100 1464 2130; x_wconf 91' lang='lat' dir='ltr'>Non.</span> <span class='ocrx_word' id='word_1_268' title='bbox 1487 2107 1546 2141; x_wconf 88' lang='lat'>175</span> 
     </span>
     <span class='ocr_line' id='line_1_36' title="bbox 116 2137 1548 2184; baseline 0.004 -13"><span class='ocrx_word' id='word_1_269' title='bbox 116 2149 129 2171; x_wconf 89' lang='grc' dir='ltr'>Ι</span> <span class='ocrx_word' id='word_1_270' title='bbox 158 2137 325 2172; x_wconf 76' lang='lat' dir='ltr'>‘secunda’</span> <span class='ocrx_word' id='word_1_271' title='bbox 361 2139 559 2183; x_wconf 66' lang='lat' dir='ltr'>fsequentz&#39;a’</span> <span class='ocrx_word' id='word_1_272' title='bbox 610 2150 626 2172; x_wconf 92' lang='lat'><strong>2</strong></span> <span class='ocrx_word' id='word_1_273' title='bbox 652 2148 790 2183; x_wconf 83' lang='lat' dir='ltr'>operam</span> <span class='ocrx_word' id='word_1_274' title='bbox 814 2142 846 2174; x_wconf 88' lang='grc' dir='ltr'>Π,</span> <span class='ocrx_word' id='word_1_275' title='bbox 964 2146 1031 2180; x_wconf 91' lang='grc'>389</span> <span class='ocrx_word' id='word_1_276' title='bbox 1054 2144 1145 2174; x_wconf 89' lang='lat' dir='ltr'>Non.</span> <span class='ocrx_word' id='word_1_277' title='bbox 1174 2144 1217 2184; x_wconf 86' lang='lat'>36</span> <span class='ocrx_word' id='word_1_278' title='bbox 1258 2147 1350 2176; x_wconf 79' lang='lat' dir='ltr'>nz‘lzz&#39;l</span> <span class='ocrx_word' id='word_1_279' title='bbox 1371 2145 1404 2177; x_wconf 91' lang='grc'>11.</span> <span class='ocrx_word' id='word_1_280' title='bbox 1445 2143 1548 2177; x_wconf 82' lang='lat' dir='ltr'>‘exae-</span> 
     </span>
     <span class='ocr_line' id='line_1_37' title="bbox 113 2183 1549 2231; baseline 0.003 -14"><span class='ocrx_word' id='word_1_281' title='bbox 113 2183 226 2227; x_wconf 81' lang='lat' dir='ltr'>quati’</span> <span class='ocrx_word' id='word_1_282' title='bbox 261 2186 293 2217; x_wconf 90' lang='lat' dir='ltr'>ll.</span> <span class='ocrx_word' id='word_1_283' title='bbox 351 2189 469 2218; x_wconf 80' lang='lat' dir='ltr'>littera</span> <span class='ocrx_word' id='word_1_284' title='bbox 500 2187 532 2217; x_wconf 90' lang='lat' dir='ltr'>ll.</span> <span class='ocrx_word' id='word_1_285' title='bbox 597 2187 638 2218; x_wconf 90' lang='lat' dir='ltr'>de</span> <span class='ocrx_word' id='word_1_286' title='bbox 674 2188 811 2219; x_wconf 86' lang='lat' dir='ltr'>homine</span> <span class='ocrx_word' id='word_1_287' title='bbox 847 2189 1089 2230; x_wconf 87' lang='lat' dir='ltr'>intemperante</span> <span class='ocrx_word' id='word_1_288' title='bbox 1130 2200 1149 2220; x_wconf 88' lang='lat' dir='ltr'>a</span> <span class='ocrx_word' id='word_1_289' title='bbox 1192 2189 1405 2231; x_wconf 87' lang='lat' dir='ltr'>philosophia</span> <span class='ocrx_word' id='word_1_290' title='bbox 1441 2191 1549 2222; x_wconf 90' lang='lat' dir='ltr'>alieno</span> 
     </span>
     <span class='ocr_line' id='line_1_38' title="bbox 114 2231 1548 2278; baseline 0.005 -17"><span class='ocrx_word' id='word_1_291' title='bbox 114 2240 181 2269; x_wconf 90' lang='grc'>390</span> <span class='ocrx_word' id='word_1_292' title='bbox 204 2231 296 2262; x_wconf 92' lang='lat' dir='ltr'>Non.</span> <span class='ocrx_word' id='word_1_293' title='bbox 321 2232 388 2272; x_wconf 80' lang='lat'>496</span> <span class='ocrx_word' id='word_1_294' title='bbox 434 2235 488 2263; x_wconf 78' lang='lat' dir='ltr'>die</span> <span class='ocrx_word' id='word_1_295' title='bbox 511 2233 636 2263; x_wconf 90' lang='lat' dir='ltr'>Ribb.:</span> <span class='ocrx_word' id='word_1_296' title='bbox 670 2236 759 2264; x_wconf 78' lang='lat' dir='ltr'>diem</span> <span class='ocrx_word' id='word_1_297' title='bbox 782 2233 815 2264; x_wconf 91' lang='lat' dir='ltr'>ll.</span> <span class='ocrx_word' id='word_1_298' title='bbox 920 2243 981 2272; x_wconf 82' lang='grc'>391</span> <span class='ocrx_word' id='word_1_299' title='bbox 1013 2235 1102 2265; x_wconf 89' lang='lat' dir='ltr'>Non.</span> <span class='ocrx_word' id='word_1_300' title='bbox 1122 2243 1187 2274; x_wconf 82' lang='lat'>330</span> <span class='ocrx_word' id='word_1_301' title='bbox 1237 2244 1254 2265; x_wconf 87' lang='lat'><strong>2</strong></span> <span class='ocrx_word' id='word_1_302' title='bbox 1281 2233 1548 2278; x_wconf 71' lang='lat' dir='ltr'>‘consumpsisti&#39;</span> 
     </span>
     <span class='ocr_line' id='line_1_39' title="bbox 113 2274 1546 2323; baseline 0.004 -16"><span class='ocrx_word' id='word_1_303' title='bbox 113 2274 309 2308; x_wconf 79' lang='lat' dir='ltr'>‘comedisti’</span> <span class='ocrx_word' id='word_1_304' title='bbox 348 2277 479 2319; x_wconf 78' lang='lat' dir='ltr'>&lt;Iza&gt;ut</span> <span class='ocrx_word' id='word_1_305' title='bbox 502 2278 650 2310; x_wconf 88' lang='lat' dir='ltr'>Onions:</span> <span class='ocrx_word' id='word_1_306' title='bbox 677 2286 719 2310; x_wconf 83' lang='lat' dir='ltr'>ut</span> <span class='ocrx_word' id='word_1_307' title='bbox 734 2279 784 2310; x_wconf 88' lang='lat'>11.:</span> <span class='ocrx_word' id='word_1_308' title='bbox 811 2284 848 2310; x_wconf 86' lang='lat' dir='ltr'>at</span> <span class='ocrx_word' id='word_1_309' title='bbox 870 2280 929 2310; x_wconf 86' lang='lat' dir='ltr'>Ma</span> <span class='ocrx_word' id='word_1_310' title='bbox 976 2289 1042 2317; x_wconf 85' lang='lat'>39²</span> <span class='ocrx_word' id='word_1_311' title='bbox 1066 2280 1157 2311; x_wconf 90' lang='lat' dir='ltr'>Non.</span> <span class='ocrx_word' id='word_1_312' title='bbox 1177 2289 1244 2321; x_wconf 88' lang='grc'>414</span> <span class='ocrx_word' id='word_1_313' title='bbox 1296 2290 1308 2311; x_wconf 92' lang='grc'>1</span> <span class='ocrx_word' id='word_1_314' title='bbox 1330 2287 1445 2323; x_wconf 75' lang='lat' dir='ltr'>potest</span> <span class='ocrx_word' id='word_1_315' title='bbox 1466 2293 1496 2313; x_wconf 87' lang='lat' dir='ltr'>v.</span> <span class='ocrx_word' id='word_1_316' title='bbox 1525 2282 1546 2313; x_wconf 88' lang='lat' dir='ltr'>l.</span> 
     </span>
     <span class='ocr_line' id='line_1_40' title="bbox 111 2322 1548 2367; baseline 0.003 -14"><span class='ocrx_word' id='word_1_317' title='bbox 111 2324 206 2353; x_wconf 82' lang='lat' dir='ltr'>salvi</span> <span class='ocrx_word' id='word_1_318' title='bbox 227 2322 328 2353; x_wconf 87' lang='lat' dir='ltr'>trad.:</span> <span class='ocrx_word' id='word_1_319' title='bbox 356 2325 460 2355; x_wconf 83' lang='lat' dir='ltr'>Salvi</span> <span class='ocrx_word' id='word_1_320' title='bbox 473 2323 598 2354; x_wconf 90' lang='lat' dir='ltr'>Buech.</span> <span class='ocrx_word' id='word_1_321' title='bbox 685 2333 752 2362; x_wconf 83' lang='lat'>393</span> <span class='ocrx_word' id='word_1_322' title='bbox 776 2325 868 2355; x_wconf 92' lang='lat' dir='ltr'>Non.</span> <span class='ocrx_word' id='word_1_323' title='bbox 889 2324 952 2356; x_wconf 84' lang='lat'>268</span> <span class='ocrx_word' id='word_1_324' title='bbox 1001 2323 1190 2367; x_wconf 75' lang='lat' dir='ltr'>‘fractores’</span> <span class='ocrx_word' id='word_1_325' title='bbox 1230 2327 1338 2367; x_wconf 86' lang='lat' dir='ltr'>agitur</span> <span class='ocrx_word' id='word_1_326' title='bbox 1361 2328 1402 2358; x_wconf 91' lang='lat' dir='ltr'>de</span> <span class='ocrx_word' id='word_1_327' title='bbox 1427 2328 1548 2358; x_wconf 92' lang='lat' dir='ltr'>domus</span> 
     </span>
     <span class='ocr_line' id='line_1_41' title="bbox 113 2368 1547 2410; baseline 0.005 -13"><span class='ocrx_word' id='word_1_328' title='bbox 113 2368 356 2409; x_wconf 87' lang='lat' dir='ltr'>expugnatione</span> <span class='ocrx_word' id='word_1_329' title='bbox 426 2378 493 2406; x_wconf 81' lang='lat'>394</span> <span class='ocrx_word' id='word_1_330' title='bbox 517 2370 609 2400; x_wconf 89' lang='lat' dir='ltr'>Non.</span> <span class='ocrx_word' id='word_1_331' title='bbox 634 2377 673 2410; x_wconf 90' lang='lat'>31</span> <span class='ocrx_word' id='word_1_332' title='bbox 701 2371 818 2401; x_wconf 79' lang='lat' dir='ltr'><em>Lucili</em></span> <span class='ocrx_word' id='word_1_333' title='bbox 838 2371 905 2401; x_wconf 89' lang='lat' dir='ltr'>scil.</span> <span class='ocrx_word' id='word_1_334' title='bbox 933 2374 1024 2402; x_wconf 82' lang='lat' dir='ltr'>iram</span> <span class='ocrx_word' id='word_1_335' title='bbox 1047 2375 1169 2402; x_wconf 62' lang='lat' dir='ltr'>sentiet</span> <span class='ocrx_word' id='word_1_336' title='bbox 1191 2372 1271 2402; x_wconf 88' lang='lat' dir='ltr'>dicit</span> <span class='ocrx_word' id='word_1_337' title='bbox 1299 2383 1412 2404; x_wconf 89' lang='lat' dir='ltr'>servus</span> <span class='ocrx_word' id='word_1_338' title='bbox 1437 2374 1480 2404; x_wconf 86' lang='lat' dir='ltr'>ad</span> <span class='ocrx_word' id='word_1_339' title='bbox 1504 2373 1547 2404; x_wconf 88' lang='lat' dir='ltr'>le-</span> 
     </span>
     <span class='ocr_line' id='line_1_42' title="bbox 112 2411 1545 2458; baseline 0.005 -15"><span class='ocrx_word' id='word_1_340' title='bbox 112 2423 233 2444; x_wconf 90' lang='lat' dir='ltr'>nonem</span> <span class='ocrx_word' id='word_1_341' title='bbox 268 2414 349 2453; x_wconf 90' lang='lat' dir='ltr'>(Ma)</span> <span class='ocrx_word' id='word_1_342' title='bbox 386 2411 604 2455; x_wconf 71' lang='lat' dir='ltr'>‘provocarit&#39;</span> <span class='ocrx_word' id='word_1_343' title='bbox 720 2424 786 2453; x_wconf 85' lang='lat'>395</span> <span class='ocrx_word' id='word_1_344' title='bbox 811 2416 901 2447; x_wconf 90' lang='lat' dir='ltr'>Non.</span> <span class='ocrx_word' id='word_1_345' title='bbox 937 2424 1001 2456; x_wconf 77' lang='lat'>239</span> <span class='ocrx_word' id='word_1_346' title='bbox 1048 2417 1195 2457; x_wconf 84' lang='lat' dir='ltr'>loquitur</span> <span class='ocrx_word' id='word_1_347' title='bbox 1224 2417 1301 2448; x_wconf 86' lang='lat' dir='ltr'>leno</span> <span class='ocrx_word' id='word_1_348' title='bbox 1345 2420 1455 2458; x_wconf 82' lang='lat' dir='ltr'>sures</span> <span class='ocrx_word' id='word_1_349' title='bbox 1478 2419 1545 2450; x_wconf 89' lang='lat' dir='ltr'>scil.</span> 
     </span>
     <span class='ocr_line' id='line_1_43' title="bbox 112 2459 1546 2504; baseline 0.005 -15"><span class='ocrx_word' id='word_1_350' title='bbox 112 2459 269 2489; x_wconf 86' lang='lat' dir='ltr'>amatoris</span> <span class='ocrx_word' id='word_1_351' title='bbox 293 2459 418 2490; x_wconf 82' lang='lat' dir='ltr'>exclusi</span> <span class='ocrx_word' id='word_1_352' title='bbox 439 2460 577 2491; x_wconf 87' lang='lat' dir='ltr'>comites</span> <span class='ocrx_word' id='word_1_353' title='bbox 624 2463 780 2492; x_wconf 79' lang='lat' dir='ltr'>mendaci</span> <span class='ocrx_word' id='word_1_354' title='bbox 800 2461 867 2492; x_wconf 89' lang='lat' dir='ltr'>scil.</span> <span class='ocrx_word' id='word_1_355' title='bbox 895 2463 1015 2504; x_wconf 71' lang='lat' dir='ltr'>lingua</span> <span class='ocrx_word' id='word_1_356' title='bbox 1063 2465 1130 2500; x_wconf 84' lang='lat'>396</span> <span class='ocrx_word' id='word_1_357' title='bbox 1148 2463 1239 2493; x_wconf 83' lang='lat' dir='ltr'>Non.</span> <span class='ocrx_word' id='word_1_358' title='bbox 1259 2471 1320 2504; x_wconf 90' lang='lat'>555</span> <span class='ocrx_word' id='word_1_359' title='bbox 1360 2466 1498 2496; x_wconf 77' lang='lat' dir='ltr'>balistas</span> <span class='ocrx_word' id='word_1_360' title='bbox 1516 2464 1546 2496; x_wconf 89' lang='lat' dir='ltr'>G</span> 
     </span>
     <span class='ocr_line' id='line_1_44' title="bbox 113 2505 1546 2552; baseline 0.005 -18"><span class='ocrx_word' id='word_1_361' title='bbox 113 2507 242 2535; x_wconf 84' lang='lat' dir='ltr'>iactans</span> <span class='ocrx_word' id='word_1_362' title='bbox 267 2505 349 2535; x_wconf 88' lang='lat' dir='ltr'>trad.</span> <span class='ocrx_word' id='word_1_363' title='bbox 466 2514 532 2542; x_wconf 84' lang='lat'>397</span> <span class='ocrx_word' id='word_1_364' title='bbox 557 2506 647 2536; x_wconf 91' lang='lat' dir='ltr'>Non.</span> <span class='ocrx_word' id='word_1_365' title='bbox 675 2514 741 2546; x_wconf 81' lang='lat'>390</span> <span class='ocrx_word' id='word_1_366' title='bbox 786 2509 966 2538; x_wconf 78' lang='lat' dir='ltr'>submittas</span> <span class='ocrx_word' id='word_1_367' title='bbox 990 2509 1073 2538; x_wconf 78' lang='lat' dir='ltr'>alios</span> <span class='ocrx_word' id='word_1_368' title='bbox 1097 2508 1165 2538; x_wconf 89' lang='lat' dir='ltr'>scil.</span> <span class='ocrx_word' id='word_1_369' title='bbox 1192 2510 1238 2539; x_wconf 87' lang='lat' dir='ltr'>ad</span> <span class='ocrx_word' id='word_1_370' title='bbox 1259 2511 1396 2540; x_wconf 86' lang='lat' dir='ltr'>domum</span> <span class='ocrx_word' id='word_1_371' title='bbox 1421 2515 1546 2552; x_wconf 75' lang='lat' dir='ltr'>expug-</span> 
     </span>
     <span class='ocr_line' id='line_1_45' title="bbox 113 2551 1546 2594; baseline 0.004 -13"><span class='ocrx_word' id='word_1_372' title='bbox 113 2552 265 2581; x_wconf 74' lang='lat' dir='ltr'>nandum</span> <span class='ocrx_word' id='word_1_373' title='bbox 311 2561 421 2581; x_wconf 82' lang='lat' dir='ltr'>censeo</span> <span class='ocrx_word' id='word_1_374' title='bbox 446 2551 562 2581; x_wconf 88' lang='lat' dir='ltr'>Dousa</span> <span class='ocrx_word' id='word_1_375' title='bbox 617 2554 684 2589; x_wconf 83' lang='lat'>398</span> <span class='ocrx_word' id='word_1_376' title='bbox 708 2552 798 2582; x_wconf 93' lang='lat' dir='ltr'>Non.</span> <span class='ocrx_word' id='word_1_377' title='bbox 825 2560 889 2593; x_wconf 86' lang='lat'>403</span> <span class='ocrx_word' id='word_1_378' title='bbox 950 2562 1018 2590; x_wconf 85' lang='grc'>399</span> <span class='ocrx_word' id='word_1_379' title='bbox 1042 2554 1132 2583; x_wconf 92' lang='lat' dir='ltr'>Non.</span> <span class='ocrx_word' id='word_1_380' title='bbox 1156 2560 1218 2594; x_wconf 90' lang='lat'>275</span> <span class='ocrx_word' id='word_1_381' title='bbox 1278 2564 1347 2591; x_wconf 86' lang='lat'>400</span> <span class='ocrx_word' id='word_1_382' title='bbox 1370 2556 1461 2586; x_wconf 90' lang='lat' dir='ltr'>Non.</span> <span class='ocrx_word' id='word_1_383' title='bbox 1480 2555 1546 2587; x_wconf 91' lang='lat'>280</span> 
     </span>
     <span class='ocr_line' id='line_1_46' title="bbox 112 2596 1545 2642; baseline 0.005 -16"><span class='ocrx_word' id='word_1_384' title='bbox 112 2598 289 2627; x_wconf 85' lang='lat' dir='ltr'>mz&#39;nutarz‘</span> <span class='ocrx_word' id='word_1_385' title='bbox 308 2596 338 2626; x_wconf 94' lang='lat' dir='ltr'><strong>L</strong></span> <span class='ocrx_word' id='word_1_386' title='bbox 384 2606 457 2627; x_wconf 87' lang='lat' dir='ltr'>cum</span> <span class='ocrx_word' id='word_1_387' title='bbox 483 2596 672 2638; x_wconf 87' lang='lat' dir='ltr'>insequenti</span> <span class='ocrx_word' id='word_1_388' title='bbox 697 2598 869 2629; x_wconf 80' lang='lat' dir='ltr'>coniunxit</span> <span class='ocrx_word' id='word_1_389' title='bbox 892 2598 1027 2629; x_wconf 89' lang='lat' dir='ltr'>Lachm.</span> <span class='ocrx_word' id='word_1_390' title='bbox 1098 2608 1160 2635; x_wconf 81' lang='lat'>40¹</span> <span class='ocrx_word' id='word_1_391' title='bbox 1190 2599 1289 2631; x_wconf 82' lang='lat' dir='ltr'>Prob.</span> <span class='ocrx_word' id='word_1_392' title='bbox 1308 2601 1410 2642; x_wconf 88' lang='lat' dir='ltr'>Verg.</span> <span class='ocrx_word' id='word_1_393' title='bbox 1431 2601 1489 2633; x_wconf 86' lang='lat' dir='ltr'>ecl.</span> <span class='ocrx_word' id='word_1_394' title='bbox 1514 2600 1545 2639; x_wconf 90' lang='lat'>6,</span> 
     </span>
     <span class='ocr_line' id='line_1_47' title="bbox 113 2648 661 2682; baseline 0.004 -11"><span class='ocrx_word' id='word_1_395' title='bbox 113 2648 152 2680; x_wconf 90' lang='lat'>31</span> <span class='ocrx_word' id='word_1_396' title='bbox 179 2651 212 2682; x_wconf 90' lang='lat' dir='ltr'>p.</span> <span class='ocrx_word' id='word_1_397' title='bbox 237 2649 304 2682; x_wconf 87' lang='lat'>340</span> <span class='ocrx_word' id='word_1_398' title='bbox 353 2649 370 2671; x_wconf 94' lang='lat'><strong>2</strong></span> <span class='ocrx_word' id='word_1_399' title='bbox 395 2653 472 2673; x_wconf 85' lang='lat' dir='ltr'>cum</span> <span class='ocrx_word' id='word_1_400' title='bbox 497 2652 552 2672; x_wconf 90' lang='lat' dir='ltr'>om</span> <span class='ocrx_word' id='word_1_401' title='bbox 576 2652 661 2673; x_wconf 91' lang='lat' dir='ltr'>unus</span> 
     </span>
    </p>
   </div>
   <div class='ocr_carea' id='block_1_10' title="bbox 1295 2705 1339 2743">
    <p class='ocr_par' dir='ltr' id='par_1_13' title="bbox 1295 2705 1339 2743">
     <span class='ocr_line' id='line_1_48' title="bbox 1295 2705 1339 2743; baseline 0 -21"><span class='ocrx_word' id='word_1_402' title='bbox 1295 2705 1339 2743; x_wconf 65' lang='lat'>9*</span> 
     </span>
    </p>
   </div>
  </div>
 </body>
</html>
