1747 2865
746 116 924 140 ToGA‘rAE
1504 125 1527 162 9
1534 123 1553 162 7

116 230 169 265 22
231 225 370 277 (7233)
1048 230 1140 273 post
1170 221 1394 269 narravero,

388 296 495 320 nunc
524 279 583 320 est
613 284 807 320 distentus
839 279 995 319 animus
1027 289 1070 318 ut
1105 278 1282 331 negotiis,

389 352 508 389 porro
539 336 674 377 autem
699 351 872 388 propero

117 400 170 436 23
232 396 271 447 (7
277 396 318 447 6)
387 430 414 435 -
444 397 609 434 sollicito
640 392 763 434 corde
794 408 935 444 corpus
965 391 1049 432 11611
1080 396 1227 444 potitur
1258 390 1366 432 nunc
1397 395 1489 444 quie

117 457 171 492 24
233 454 320 504 (77)
393 467 461 492 cur
475 451 643 491 nimium
659 453 914 502 adpetimus?
937 475 991 478 —
1013 448 1162 489 nemini
1182 447 1351 488 nimium
1371 453 1476 489 bene
1498 458 1557 489 est

117 514 169 549 25
231 510 318 561 (81)
390 507 540 548 idcirco
571 511 672 548 haec
702 522 818 560 agere
849 506 983 546 tecum
1013 516 1166 547 secreto
1196 508 1320 546 institi

118 571 170 606 26
233 567 321 618 (82)
393 575 436 605 ut
465 564 545 605 sint
576 568 784 617 repentino
817 564 1076 616 apparandae
1107 562 1273 615 nuptiae

116 628 167 663 27
231 624 319 675 (83)
393 621 492 662 deos
525 637 597 674 ego
630 625 759 661 omnis
789 619 832 660 {it
862 623 1122 661 fortunassint
1142 635 1283 672 precor

116 685 169 720 28
231 681 300 731 (84
314 681 368 732 33)
390 681 627 731 principium
659 682 737 718 hoc
767 693 837 718 oro
869 681 909 717 in
940 678 1074 717 animo
1106 687 1148 717 ut
1179 681 1235 717 sic
1265 676 1414 717 statuas
1446 686 1525 724 tuo,

391 737 484 791 (me)
516 735 658 776 officiis
690 739 776 787 cogi
807 745 849 774 ut
881 735 952 775 abs
983 744 1022 774 te
1053 749 1210 775 seorsus
1241 733 1408 774 sentiam

389 797 441 833 de
472 792 610 833 uxoria
641 807 683 832 re

117 857 168 892 29
231 852 297 903 (93
313 853 348 903 3)
392 849 516 889 vetuit
546 866 610 890 me
642 853 727 889 sine
759 848 945 888 mercede
976 864 1138 900 prosum
1172 847 1335 888 Pausias

386 907 565 947 remeare
596 911 636 946 in
667 910 806 946 ludum

117 971 170 1007 30
231 966 300 1017 (95
314 966 348 1017 3)
391 966 484 1003 hem
516 967 612 1016 quid
645 967 731 1003 ais?
756 989 809 993 ——
831 978 959 1010 mane,
985 962 1105 1011 Servi,
1138 977 1300 1014 quaeso,
1332 962 1409 1002 nisi
1429 966 1554 1002 mole-

1008 1029 1113 1060 stum
1145 1028 1214 1067 est,
1246 1018 1375 1071 pauca
1406 1029 1497 1059 sunt

386 1077 519 1117 tecum
551 1092 654 1129 quae
685 1081 776 1117 volo

116 1142 167 1178 31
231 1136 318 1188 (99)
390 1135 613 1186 optandum
644 1149 820 1182 uxorem,
854 1133 958 1186 quae
989 1149 1072 1174 non
1103 1132 1286 1173 vereatur
1318 1137 1385 1173 viri

116 1199 169 1234 32
203 1193 318 1245 (103)
389 1207 450 1239 au,
482 1191 537 1230 mi
569 1195 715 1232 homo!
747 1194 870 1231 immo
903 1194 1047 1243 edepol
1074 1190 1145 1231 vos
1168 1206 1398 1242 supremum
1419 1190 1554 1230 meum

1074 1247 1362 1288 concelebretis
1391 1251 1497 1288 diem

116 1313 169 1348 33
203 1308 300 1359 (104
315 1308 369 1358 33)
813 1304 902 1357 quis
933 1314 976 1345 tu
1008 1320 1048 1345 es
1080 1314 1248 1345 ventoso
1280 1304 1321 1344 in
1352 1309 1441 1345 loco

388 1362 572 1410 soleatus,
604 1361 845 1414 intempesta
875 1371 998 1403 noctu
1030 1361 1104 1402 sub
1136 1366 1204 1402 diu

388 1418 528 1471 aperto
559 1423 700 1471 capite,
732 1418 860 1460 silices
891 1435 982 1459 cum
1013 1419 1142 1459 findat
1170 1423 1310 1472 gelus?

115 1484 168 1519 34
202 1478 298 1530 (107
313 1478 347 1529 s)
389 1500 418 1517 0
449 1475 705 1517 comissatum
735 1476 912 1529 protenis
944 1477 1052 1516 recta
1083 1480 1249 1516 domum

389 1532 632 1586 digredimur

115 1597 168 1633 35
201 1592 317 1643 (113)
387 1594 441 1630 ita
472 1590 670 1631 intricavit
700 1589 817 1630 huius
848 1594 953 1630 hanc
984 1606 1068 1630 rem
1099 1590 1300 1630 temeritas

114 1655 168 1690 36
201 1649 348 1700 (1163)
391 1647 485 1692 nam
517 1652 644 1700 proba
675 1657 714 1687 et
744 1647 892 1699 pudica
913 1652 1024 1700 quod
1047 1663 1145 1695 sum,
1178 1646 1343 1687 consulo
1371 1657 1410 1686 et
1431 1646 1551 1699 parco

1390 1708 1495 1751 mihi,

387 1761 579 1813 quoniam
611 1762 886 1813 comparatum
918 1771 987 1810 est,
1019 1777 1101 1802 uno
1132 1771 1175 1801 ut
1196 1761 1319 1801 simus
1341 1761 1553 1801 contentae

1415 1834 1497 1857 Vll‘O

116 1881 168 1917 37
202 1876 347 1928 (1223)
1308 1880 1415 1916 tace!

388 1931 520 1984 puella
550 1948 633 1972 non
664 1948 762 1980 sum,
795 1931 970 1984 supparo
1002 1936 1031 1972 31
1062 1931 1201 1972 induta
1233 1937 1348 1972 sum?

115 1995 167 2030 38
202 1990 318 2041 (129)
390 2004 455 2028 me
485 1989 658 2037 auctore,
690 1998 827 2037 mater,
859 1990 1085 2029 abstinebis.
1108 2015 1162 2018 —
1185 1993 1283 2041 quid
1314 1993 1417 2029 nisi?

117 2051 169 2087 39
203 2047 270 2098 (13
278 2059 299 2096 3
316 2048 348 2098 s)
392 2045 594 2086 ‘meretrix
625 2062 716 2086 cum
748 2055 858 2086 veste
888 2045 1007 2098 longa
1021 2046 1051 2086 ‚³³
1073 2071 1127 2074 —
1150 2045 1373 2118 ‘peregrino
1402 2046 1442 2085 in
1467 2051 1553 2086 loco

388 2102 518 2142 solent
548 2107 704 2143 tutandi
735 2102 856 2143 causa
886 2118 974 2143 sese
1005 2102 1175 2143 sumere³

115 2204 158 2225 22
184 2194 282 2225 Char.
301 2195 362 2225 GL
379 2196 395 2225 Ι
415 2204 476 2235 213
505 2197 843 2237 <Emancipatus)
895 2204 911 2226 2
939 2200 980 2226 nt
996 2196 1047 2226 ll.:
1075 2201 1125 2227 tot
1147 2197 1176 2227 ci
1151 2176 1314 2226 Ribb.
1383 2206 1427 2233 23
1452 2197 1552 2227 Prisc.

116 2241 177 2271 GL
195 2241 229 2270 Π
248 2248 311 2280 242
345 2241 492 2271 Gramm.
519 2242 626 2282 suppl.
646 2253 678 2283 p.
703 2250 775 2281 132,
794 2249 834 2281 33
946 2251 990 2278 24
1009 2241 1105 2272 Char.
1125 2242 1186 2273 GL
1203 2242 1219 2272 Ι
1235 2249 1297 2280 207
1394 2252 1438 2279 25
1456 2242 1553 2273 Char.

116 2286 177 2317 GL
194 2286 211 2316 Ι
231 2294 290 2315 221
366 2289 410 2316 26
435 2286 532 2317 Char.
559 2287 620 2317 GL
637 2288 653 2317 I
673 2287 736 2317 216
801 2296 843 2324 27
861 2287 952 2318 Non.
975 2295 1037 2326 109
1085 2285 1252 2318 omnibus
1277 2290 1369 2319 bonss
1394 2285 1556 2330 augeam?

114 2334 159 2362 28
184 2331 282 2362 Char.
311 2331 371 2362 GL
392 2332 409 2361 I
432 2339 496 2370 219
550 2341 561 2362 1
580 2336 756 2373 principio
781 2333 951 2363 Fruterius
988 2338 1028 2363 nt
1050 2336 1095 2363 sss
1122 2338 1178 2363 tuo
1202 2338 1255 2364 sta
1274 2358 1280 2363 .
1301 2358 1307 2363 .
1323 2358 1329 2363 .
1347 2345 1363 2364 s
1389 2334 1487 2364 trad.:
1517 2339 1555 2364 ut

113 2380 160 2407 sic
185 2382 242 2407 tuo
266 2381 400 2407 statuas
433 2377 484 2408 ed.
520 2388 567 2418 pr.
708 2388 753 2416 29
776 2379 867 2408 Fest.
887 2385 948 2417 277
1004 2387 1015 2407 1
1043 2382 1193 2419 paucjus
1217 2379 1270 2408 ll.:
1306 2380 1445 2410 Paccius
1470 2379 1553 2410 Scal.

114 2431 159 2459 30
183 2422 281 2453 Char.
308 2422 369 2453 GL
386 2423 402 2452 Ι
430 2431 489 2462 241
571 2432 609 2460 31
640 2424 730 2454 Non.
750 2424 815 2464 496
848 2424 942 2455 viri?
968 2425 1116 2465 Lindsay
1187 2433 1230 2461 32
1256 2423 1353 2454 Char.
1379 2425 1469 2455 GLI
1490 2434 1548 2465 241

114 2479 186 2499 omo
213 2468 295 2498 trad.
383 2477 426 2504 33
450 2469 541 2498 Non.
563 2476 623 2507 207
652 2469 883 2510 (Epistula)
935 2478 951 2499 2
977 2471 1054 2501 divo
1081 2469 1181 2499 trad.:
1207 2472 1286 2500 Iove
1303 2470 1427 2500 Ribb.:
1467 2474 1553 2507 nive,

114 2515 168 2544 dio
197 2513 253 2544 alii
301 2521 318 2553 3
336 2514 452 2555 findit
476 2513 595 2554 Quich.
705 2524 749 2551 34
773 2515 864 2545 Non.
896 2514 961 2555 376
1014 2524 1024 2545 1
1055 2512 1238 2556 ‘pr-otz'nus’
1346 2524 1389 2553 35
1414 2516 1505 2547 Non.
1533 2516 1551 2546 8

114 2555 305 2600 ‘inpedivit’
399 2561 444 2595 36
467 2560 558 2590 Non.
587 2559 652 2600 256
701 2568 718 2590 2
745 2557 981 2592 <constitutum
1005 2558 1064 2592 est'
1181 2570 1223 2597 37
1249 2561 1340 2591 Non.
1368 2568 1433 2602 540
1458 2562 1552 2592 Paul.

115 2604 207 2635 Fest.
232 2612 293 2645 311
334 2605 375 2634 cf.
401 2605 492 2635 Fest.
513 2613 578 2644 310
614 2604 724 2637 Schol.
749 2606 847 2636 Bern.
874 2607 954 2637 Luc.
982 2615 1011 2644 2,
1038 2607 1104 2646 364
1186 2609 1230 2643 38
1253 2607 1345 2637 Fest.
1374 2614 1436 2648 257
1510 2617 1554 2645 39

114 2649 206 2680 Non.
227 2657 286 2690 541
317 2650 561 2691 (Exceptus)

185 2709 311 2741 Diehl,
333 2710 485 2736 Poetarum
507 2711 705 2737 Romanorum
725 2716 849 2737 veterum
870 2712 932 2737 rell.
1327 2717 1342 2747 7
