1747 2865
602 110 691 133 SCEN
697 110 759 133 ICA
807 110 975 133 TRAGICA
1441 115 1491 153 33

70 224 150 259 231
184 218 252 269 (27
271 217 323 269 ss)
341 233 365 255 a
571 219 679 254 unde
710 218 810 254 haec
840 219 1003 255 flamma
1034 219 1182 255 oritur?

341 276 362 312 b
651 274 804 319 incede,
837 274 992 319 incede,
1024 276 1179 320 adsunt,
1210 287 1275 311 me
1307 273 1497 323 expetunt

342 347 359 369 c
389 334 447 369 fer
467 332 519 368 mi
540 331 739 376 auxilium,
767 338 921 380 pestem
944 332 1057 380 abige
1078 344 1100 368 a
1121 344 1196 377 me,
1218 331 1497 368 flammiferam

755 388 860 425 hanc
891 388 971 424 vim
1002 400 1106 437 quae
1136 401 1202 426 me
1234 388 1441 425 excruciat.

389 446 571 483 caerulea
611 445 806 481 incinctae
847 445 964 494 angui
1002 445 1205 491 incedunt,
1246 445 1499 482 circumstant

930 515 1020 538 cum
1051 502 1284 540 ardentibus
1315 502 1441 539 taedis

341 560 369 596 d
620 558 791 595 intendit
823 559 984 596 crinitus
1012 560 1157 608 Apollo

478 629 611 653 arcum
642 611 823 652 auratum
855 616 947 652 luna
978 616 1156 653 innixus:

479 673 612 709 Diana
642 674 771 709 facem
803 673 892 709 iacit
925 674 945 708 a
979 674 1090 710 laeva

340 745 358 767 e
387 727 459 768 sed
491 730 587 766 mihi
607 742 659 766 ne
680 730 860 778 utiquam
883 730 948 766 cor
967 731 1163 767 consentit
1185 742 1276 767 cum
1298 731 1498 768 oculorum

1172 788 1338 836 aspectu
1369 808 1398 825 υ
1419 820 1442 823 -

70 850 150 885 232
183 845 252 895 (35
269 843 367 895 85)υ
397 844 524 881 mater
553 844 716 893 gravida
746 843 885 892 parere
917 856 958 880 se
989 844 1195 880 ardentem
1227 845 1355 881 facem

339 902 423 938 visa¹
455 907 514 938 est
545 901 585 937 in
615 901 765 937 somnis
798 896 991 948 Hecuba3
1023 913 1103 950 quo
1135 901 1237 938 facto
1273 908 1386 950 pater

339 972 409 996 rex
439 958 526 1007 ipse
558 958 735 994 Priamus
767 958 921 994 somnio
952 958 1098 995 mentis
1130 964 1237 995 metu

341 1015 544 1065 perculsus
575 1014 675 1051 curis
707 1014 889 1063 sumptus
920 1015 1207 1063 suspirantibus

340 1072 639 1110 exsacrificabat
669 1072 803 1108 hostiis
834 1072 1070 1109 balantibus.

339 1136 423 1167 tum
455 1129 720 1166 coniecturam
752 1124 926 1177 postulat
956 1129 1098 1178 pacem
1130 1135 1270 1178 petens

339 1193 382 1223 ut
413 1199 455 1224 se
487 1186 673 1223 edoceret
705 1185 915 1223 obsecrans
947 1187 1173 1235 Apollinem

341 1255 422 1293 quo
453 1243 541 1280 sese
571 1248 725 1279 vertant
754 1243 890 1279 tantae
920 1249 1044 1280 sortes
1075 1244 1282 1280 somnium.

340 1301 394 1337 ibi
426 1300 475 1337 ex
506 1299 638 1337 oraclo
670 1299 767 1336 voce
798 1300 933 1336 divina
964 1300 1088 1337 edidit

340 1358 485 1407 Apollo
517 1369 684 1406 puerum
715 1356 866 1405 primus
898 1357 1055 1394 Priamo
1087 1357 1157 1406 qui
1193 1358 1293 1394 foret

340 1414 498 1464 postilla
528 1419 643 1451 natus
674 1413 913 1463 temperaret
942 1415 1096 1451 tollere:

341 1484 432 1508 eum
466 1471 552 1508 e'sse
583 1471 745 1508 exitium
776 1471 931 1516 Troiae,
964 1477 1118 1520 pestem
1150 1471 1343 1520 Pergamo

70 1533 151 1569 233
184 1527 252 1579 (47
266 1528 299 1579 s)
340 1529 418 1566 iam
451 1529 605 1565 dudum
637 1528 688 1564 ab
718 1528 820 1565 ludis
853 1528 1007 1565 animus
1038 1535 1158 1577 atque
1188 1527 1302 1565 aures
1333 1534 1452 1566 avent

343 1586 460 1623 avide
492 1585 768 1634 exspectantes
798 1586 981 1622 nuntium

70 1646 152 1682 234
184 1642 270 1694 (49)
344 1643 455 1680 multi
496 1643 560 1679 alii
600 1642 831 1687 adventant,
872 1648 1084 1692 paupertas
1116 1642 1284 1691 quorum
1315 1643 1500 1679 obscurat

1281 1711 1443 1736 nomina

70 1761 151 1797 235
184 1756 270 1808 (50)
342 1757 547 1794 h6minem
588 1757 783 1806 appellat:
828 1752 954 1806 “quid
995 1757 1156 1801 lascivis,
1202 1756 1371 1793 stc'sside?
1417 1769 1499 1794 non

106 1834 109 1837 -
1251 1813 1442 1863 intellegis

70 1875 152 1911 236
184 1870 271 1922 (51)
343 1871 483 1908 volans
514 1872 566 1908 de
597 1871 707 1908 caelo
739 1871 830 1908 cum
861 1882 1009 1908 corona
1041 1876 1078 1906 et
1109 1870 1248 1907 taeniis

72 1932 150 1968 237
185 1927 272 1979 (52)
344 1929 375 1965 is
399 1928 530 1975 habet
561 1940 751 1965 coronam
782 1927 951 1965 vitulans
983 1927 1141 1964 victoria

69 1989 151 2025 238
184 1984 270 2036 (53)
345 1985 591 2034 quapropter
607 1984 739 2022 Parim
756 1991 934 2034 pastores
951 1985 1058 2021 nunc
1070 1985 1343 2021 Alexandrum
1358 1991 1499 2021 vocant

71 2046 152 2082 239
185 2041 253 2092 (54
271 2041 366 2092 ss)a
401 2042 472 2079 se'd
514 2042 609 2091 quid
651 2042 772 2079 oculis
812 2042 950 2091 rapere
990 2042 1072 2078 visa
1103 2047 1159 2078 est
1190 2040 1407 2090 derepente
1439 2054 1498 2078 ar-

1245 2098 1441 2143 dentibus,

70 2322 131 2351 231
162 2313 231 2345 Cic.
249 2324 295 2344 ac.
316 2322 345 2351 2,
365 2313 406 2352 89
436 2316 470 2350 -ί-
501 2316 549 2354 (e)
578 2321 616 2354 52
646 2314 697 2353 (cf.
720 2324 766 2344 ac.
788 2322 817 2350 2,
836 2314 877 2354 89
892 2316 929 2353 s).
955 2313 996 2344 88
1023 2314 1064 2344 cf.
1084 2314 1175 2344 Fest.
1198 2312 1256 2353 165
1306 2313 1500 2344 Alcmeonis

69 2359 170 2390 verba
210 2361 228 2390 b
248 2362 284 2390 z'n
300 2361 396 2390 caede
413 2359 464 2389 bis
482 2359 586 2389 Vind.
626 2371 643 2390 c
660 2367 677 2389 2
698 2360 870 2390 caeruleae
888 2360 962 2389 sim.
982 2359 1063 2389 trad.
1106 2362 1184 2400 [gni
1197 2359 1278 2389 trad.
1319 2361 1344 2389 d
1363 2367 1374 2388 1
1398 2358 1498 2400 (hac)

70 2404 179 2446 suppl.
204 2405 248 2435 V.
297 2417 313 2435 e
337 2409 473 2445 aspectu
501 2403 633 2447 <truci>
662 2406 691 2435 ci
717 2405 823 2436 Ribb.
849 2405 892 2435 ad
916 2405 1038 2435 Pacuv.
1058 2413 1075 2444 3
1144 2413 1210 2441 232
1236 2404 1304 2435 Cic.
1325 2404 1392 2435 div.
1413 2413 1440 2441 1,
1458 2413 1498 2445 42

71 2450 352 2488 (Alexander,
376 2447 607 2494 Ἀλέξανδρος
631 2451 812 2491 Euripidis)
839 2450 1042 2481 Cassandrae
1067 2450 1166 2480 verba
1218 2458 1229 2479 1
1263 2448 1374 2491 (mea)
1402 2450 1431 2480 ci
1455 2451 1499 2481 V.

70 2503 92 2534 9
115 2497 179 2527 ubi
196 2506 227 2526 v.
252 2496 273 2526 l.
322 2498 459 2527 divinae
482 2498 575 2526 dedit
597 2506 627 2527 v.
653 2496 673 2526 l.
753 2506 819 2534 233
844 2497 940 2526 Varr.
959 2496 1037 2535 ling.
1058 2495 1088 2532 6,
1108 2495 1148 2535 83
1227 2503 1294 2532 234
1318 2496 1421 2526 Macr.
1439 2501 1499 2527 sat.

71 2539 103 2577 6,
124 2549 153 2579 1,
172 2540 211 2572 61
254 2539 373 2583 ‘agitur
391 2541 432 2571 de
449 2541 534 2572 ludis
553 2542 751 2583 Paridisque
768 2538 913 2573 victoria’
939 2542 984 2572 V.
1075 2550 1141 2577 235
1165 2541 1256 2571 Fest.
1278 2547 1340 2580 317
1384 2543 1505 2573 lascivi

70 2591 105 2617 et
128 2588 297 2630 intellegit
320 2587 402 2617 trad.
474 2589 541 2623 236
565 2587 656 2618 Fest.
676 2587 740 2627 360
788 2587 856 2618 scil.
891 2588 999 2617 Venus
1019 2586 1069 2616 vel
1098 2588 1245 2618 Victoria
1315 2595 1380 2623 237
1405 2587 1500 2618 Paul.

71 2631 163 2663 Fest.
185 2631 252 2672 369
298 2630 441 2664 ‘laetans
460 2630 600 2674 gaudz'o’
727 2636 793 2670 238
817 2633 914 2663 Varr.
931 2631 1008 2672 ling.
1029 2638 1057 2669 7,
1078 2631 1118 2662 82
1249 2641 1315 2669 239
1339 2632 1407 2663 Cic.
1434 2633 1498 2664 div.

140 2692 269 2724 Diebl,
289 2693 442 2719 Poetarum
463 2692 659 2718 Romanorum
679 2697 804 2719 veterum
824 2692 885 2717 rell.
1277 2697 1294 2729 3
