1747 2865
661 103 819 127 SCENICA
834 103 1004 126 TRAGICA
1497 109 1517 147 7
1526 110 1544 147 7

116 217 168 253 62
201 212 365 264 (20633)
396 233 425 249 υ
444 245 470 250 ,.
489 232 518 249 υ
539 213 649 261 quod
690 225 732 249 re
773 212 814 248 in
849 207 1006 249 summa
1036 223 1236 248 summum
1267 223 1354 248 esse
1384 206 1551 247 arbitror

387 265 590 319 periclum,
621 275 767 306 matres
798 264 1032 317 co'nquinari
1062 264 1198 317 regias,

387 323 648 364 contaminari
678 322 840 374 stirpem
871 338 918 362 ac
948 322 1103 362 misceri
1132 337 1258 374 genus

117 388 170 424 63
203 383 301 435 (209
313 382 367 434 ss)
389 384 499 420 addo
530 378 609 419 huc
640 383 751 431 quod
782 383 877 419 mihi
908 378 1093 431 portento
1124 377 1341 419 caelestum
1370 387 1484 430 pater

387 436 614 490 prodigium
645 440 760 484 misit,
790 435 899 488 regni
931 435 1154 476 stabilimen
1186 439 1275 483 mei,

388 509 536 546 agnum
567 492 671 533 inter
700 497 876 545 pecudes
907 491 1029 533 aurea
1059 491 1208 533 clarum
1239 507 1365 541 coma,

390 550 597 603 quondam
629 553 850 602 Thyestem
890 549 1046 602 clepere
1086 565 1226 589 ausum
1264 565 1350 590 esse
1382 565 1404 590 e
1433 548 1549 602 regia,

389 623 468 660 qua
498 611 538 647 in
568 623 610 647 re
638 607 871 647 adiutricem
897 606 1107 659 coniugem
1139 606 1244 658 cepit
1273 610 1346 647 sibi

119 673 172 707 (34
205 666 352 719 (2173)
393 679 446 704 ne
476 663 566 704 cum
598 673 769 716 tyranno
801 663 1012 716 quisquam
1045 667 1235 715 epulandi
1264 663 1386 716 gratia

390 719 600 761 accumbat
630 735 810 761 mensam
841 730 910 760 aut
940 720 1111 761 eandem
1142 724 1322 761 vescatur
1346 725 1493 773 dapem

117 786 169 821 65
201 780 298 832 (223
312 779 366 832 ss)
387 782 459 818 sed
491 777 589 830 quid
619 781 766 817 tonitru
795 777 956 817 turbida
985 786 1098 818 torvo

387 833 582 875 concussa
613 844 780 886 repente
810 834 987 886 aequora
1018 839 1114 875 caeli

389 891 585 932 sensimus
617 895 788 932 sonere?

116 956 169 992 66
202 950 318 1003 (234)
387 964 608 1001 numquam
650 948 766 988 istam
807 952 1041 989 imminuam
1075 947 1210 989 curam
1241 947 1451 988 infitiando
1482 951 1551 987 tibi

117 1013 167 1049 67
202 1007 300 1060 (234
316 1007 346 1060 1)
390 1009 543 1058 probae
575 1005 646 1045 etsi
677 1009 718 1045 in
749 1014 923 1057 segetem
955 1005 1046 1045 sunt
1077 1004 1316 1046 deteriorem
1347 1009 1464 1045 datae

388 1061 532 1115 fruges,
563 1072 699 1102 tamen
730 1066 839 1114 ipsae
870 1062 1012 1114 suapte
1041 1072 1182 1102 natura
1213 1061 1362 1102 enitent

116 1128 168 1163 68
201 1122 298 1174 (235
312 1121 346 1174 3)
387 1123 535 1160 deinde
567 1119 696 1160 omnis
727 1123 848 1171 stirpe
878 1135 969 1159 cum
1000 1119 1146 1160 incluta
1178 1118 1400 1160 Cadmeide

387 1176 532 1229 vagant
561 1186 769 1217 matronae
799 1175 1013 1228 percitatae
1042 1212 1068 1217 .-
1087 1200 1118 1217 υ
1136 1212 1162 1217 -

119 1241 171 1276 69
204 1234 320 1287 (238)
388 1233 469 1274 acri
500 1243 708 1286 crepantes
739 1233 886 1288 <sonitu
917 1233 1147 1289 cantabant)
1178 1237 1303 1273 melos

121 1298 170 1333 70
203 1292 319 1344 (239)
390 1290 492 1343 agite
522 1289 684 1330 modico
714 1289 860 1342 gradu!
906 1291 1025 1331 facite
1055 1289 1164 1331 nisus
1195 1289 1312 1331 levis!

122 1355 171 1389 71
205 1349 305 1401 (240
317 1348 370 1402 ss)
393 1347 417 1387 ό
449 1350 635 1400 Dionyse
663 1346 777 1400 pater
807 1348 960 1404 (pater),
993 1347 1153 1400 optime,

388 1404 575 1453 vitisator,
608 1404 765 1445 Semela
794 1408 936 1457 genite,
968 1404 1085 1445 euhie

120 1468 170 1503 72
203 1463 299 1514 (247
313 1463 347 1515 3)
387 1484 417 1501 o
436 1496 462 1502 ..
491 1477 585 1502 nam
615 1477 749 1514 neque
779 1471 840 1502 sat
870 1461 967 1514 fingi
997 1477 1129 1514 neque
1160 1461 1237 1501 dici
1268 1470 1399 1514 potest

388 1534 462 1571 pro
493 1518 708 1571 magnitate

120 1582 170 1617 73
203 1577 319 1630 (254)
389 1575 542 1616 formae
573 1579 723 1628 figurae
754 1574 1005 1622 nitiditatem‚
1036 1574 1195 1627 hospes,
1226 1577 1326 1626 geris

120 1639 171 1674 74
203 1632 318 1686 (257)
389 1632 538 1673 deinde
568 1636 619 1672 ab
651 1636 783 1685 iugulo
814 1631 952 1684 pectus
982 1635 1122 1684 glauco
1154 1631 1346 1684 pampino
1368 1635 1552 1672 obnexae

123 1753 171 1788 75
205 1747 320 1800 (267)
390 1745 530 1786 melius
562 1750 736 1799 pigrasse
767 1746 889 1798 quam
918 1745 1224 1801 propera(vi>sse
1256 1693 1496 1786 &sgstztgzgausnt

124 1810 173 1845 76
206 1804 350 1856 (2693)
939 1808 1021 1843 fere
1052 1803 1348 1843 exanclavimus

389 1860 548 1912 tyranni
579 1875 742 1901 saevom
772 1859 974 1912 ingenium
1005 1869 1126 1912 atque
1157 1859 1379 1900 execrabile

117 1988 161 2016 62
186 1986 255 2017 Cic.
274 1991 341 2017 nat.
361 1994 392 2026 3,
412 1986 453 2017 68
495 1986 643 2028 loquitur
666 1989 792 2018 Atreus
837 1995 850 2017 1
872 1990 907 2017 in
933 1998 968 2018 re
992 1997 1022 2017 v.
1048 1987 1068 2017 1.
1126 1995 1143 2016 2
1168 1989 1380 2028 conqzcz‘nari
1399 1987 1442 2017 ad
1466 1987 1551 2017 Mar.

118 2032 284 2062 Victorin.
309 2031 371 2063 GL
396 2032 449 2062 VI
477 2040 536 2062 22:
571 2035 793 2073 coinquinari
821 2032 853 2062 ll.
910 2035 1042 2074 regiam
1066 2043 1096 2062 V.
1122 2032 1143 2062 l.
1201 2040 1219 2072 3
1245 2037 1286 2063 st.
1316 2034 1499 2063 admisceri
1519 2032 1552 2062 ll.

117 2080 162 2113 63
187 2076 256 2108 Cic.
275 2082 342 2108 nat.
362 2085 392 2117 3,
411 2076 452 2108 68
500 2086 511 2108 1
534 2079 619 2108 adde
635 2078 814 2109 Scriverius
847 2079 983 2109 caeleste
998 2089 1029 2109 V.
1048 2077 1069 2108 l.
1110 2087 1130 2117 4
1151 2080 1331 2119 quendam,
1350 2089 1450 2119 quem
1465 2079 1554 2109 clam

119 2122 193 2152 sim.
213 2122 246 2153 n.
261 2122 411 2164 plerique
526 2125 571 2159 64
594 2123 687 2153 Non.
712 2131 776 2164 415
894 2126 938 2160 65
962 2124 1053 2154 Non.
1080 2130 1143 2164 505
1260 2126 1306 2154 66
1330 2122 1398 2154 Cic.
1423 2123 1491 2154 Pis.
1511 2122 1551 2153 82

119 2167 249 2205 (dieitur
280 2178 299 2198 a
331 2167 480 2209 Thyeste
504 2170 621 2207 Atreo)
693 2171 736 2205 67
762 2168 830 2200 Cic.
854 2169 951 2199 Tusc.
979 2177 1008 2206 2,
1040 2177 1076 2208 13
1120 2169 1161 2199 cf.
1188 2169 1305 2199 Brevis
1330 2169 1496 2209 expositio
1519 2169 1554 2199 in

118 2213 220 2253 Verg.
245 2223 354 2254 georg.
388 2222 416 2251 1,
450 2222 461 2244 1
491 2224 523 2255 p.
553 2222 615 2254 199
640 2214 687 2245 H.
803 2217 848 2245 68
866 2215 957 2245 Non.
976 2214 1040 2255 467
1079 2213 1295 2253 (Bacchae)
1329 2211 1439 2258 Βάκχ.
1468 2221 1551 2254 3533

124 2267 134 2288 1
169 2259 330 2290 Cadmide
359 2259 441 2289 trad.
546 2262 592 2297 69
614 2259 706 2290 Non.
728 2267 791 2299 213
840 2257 950 2304 Βάκχ.
983 2267 1065 2300 1057
1115 2260 1222 2302 suppl.
1249 2258 1344 2291 Leo2
1371 2268 1410 2299 19
1511 2268 1555 2296 7ο

119 2304 210 2334 Non.
230 2311 295 2344 342
337 2305 464 2346 facite:
489 2308 573 2335 iacet
595 2309 628 2335 et
651 2305 684 2335 ll.
723 2308 820 2336 iacite
846 2307 979 2346 thyrsos
1004 2306 1183 2337 Scriverius
1204 2304 1297 2336 Leo²
1320 2314 1357 2345 19
1383 2305 1424 2335 cf.
1444 2302 1552 2348 Βάκχ.

123 2357 208 2389 1049
232 2349 285 2380 vel
314 2348 427 2380 1216s
499 2359 537 2386 7¹
567 2351 670 2380 Macr.
689 2356 748 2381 sat.
767 2350 798 2388 6,
817 2358 847 2391 5,
872 2359 907 2381 11
957 2360 967 2381 1
997 2351 1141 2392 explevit
1158 2349 1253 2382 Leo²
1274 2359 1323 2390 19,
1341 2351 1398 2392 qui
1415 2350 1554 2381 contulit

120 2391 230 2438 Βάκχ.
247 2403 324 2436 412.
344 2402 418 2435 550.
439 2394 502 2435 582
545 2403 561 2425 2
576 2399 716 2437 genitus
736 2397 836 2427 trad.:
863 2406 915 2426 em
933 2396 1027 2428 Le02
1051 2398 1153 2427 euhz'a
1171 2397 1253 2427 trad.
1317 2406 1359 2433 72
1377 2397 1467 2427 Non.
1492 2395 1553 2436 136

120 2437 230 2483 Βάκχ.
259 2447 322 2480 273
360 2452 440 2471 nam
458 2452 544 2482 quae
561 2446 616 2472 sat
632 2441 731 2472 trad.:
759 2453 866 2483 neque
882 2447 937 2473 sat
963 2443 1015 2473 ed.
1033 2443 1185 2483 princeps
1302 2451 1346 2479 73
1370 2442 1462 2474 Non.
1492 2450 1551 2482 143

120 2485 161 2516 cf.
179 2483 289 2529 Βάκχ.
310 2492 374 2526 453
416 2489 506 2528 regis
523 2486 605 2517 trad.
655 2496 698 2523 74
717 2486 856 2518 Cledon.
877 2488 938 2518 GL
957 2489 991 2518 V
1009 2496 1052 2528 40
1088 2488 1128 2518 cf.
1149 2485 1257 2531 Βάκχ.
1278 2494 1341 2526 710
1354 2498 1369 2518 s
1408 2490 1555 2519 obnoxae

119 2533 284 2562 obtexunt
308 2531 447 2562 Cledon.
466 2531 498 2562 ll.
570 2541 613 2569 75
637 2532 728 2563 Non.
752 2540 813 2573 154
855 2532 1149 2574 (Chrysippus)
1187 2535 1423 2574 deproperasse
1446 2533 1552 2563 Ribb.

119 2586 161 2606 ne
185 2577 292 2618 figura
316 2582 428 2618 pereat
475 2579 520 2614 76
543 2578 635 2609 Non.
656 2586 717 2618 292
745 2578 1002 2618 (Diomedes)
1049 2587 1059 2608 1
1086 2581 1185 2617 ferre
1202 2579 1308 2609 Ribb.
1348 2587 1365 2609 2
1393 2582 1554 2621 tyrannis

120 2633 197 2653 eum
220 2622 253 2654 ll.
301 2624 520 2654 execrabilem
545 2622 577 2653 ll.

1571 632 1584 656 5
