1747 2865
688 99 862 122 ANNALES
909 99 958 122 VI.
984 99 1036 121 VII
1529 106 1544 125 9

149 215 199 249 75
232 208 346 259 (207)
417 215 549 247 orator
580 209 664 246 sine
694 221 795 257 pace
824 208 926 245 redit
955 209 1114 257 regique
1145 208 1263 244 refert
1292 220 1376 244 rem

149 271 199 306 76
232 266 330 316 (208
343 266 395 317 ss)
741 262 847 302 “divi
879 266 957 302 hoc
988 266 1122 302 audite
1148 277 1371 314 parumper,

417 330 461 360 ut
490 336 562 373 pro
595 324 781 360 Romano
812 323 964 371 populo
994 323 1240 371 prognariter
1269 322 1387 358 armis

417 381 610 418 certando
640 381 816 429 prudens
847 380 1022 416 animam
1054 381 1105 416 de
1136 391 1303 428 corpore
1334 379 1446 415 mitto

148 442 196 476 77
232 436 346 487 (211)
417 438 577 474 vertitur
607 437 759 473 interea
789 437 943 474 caelum
975 449 1065 473 cum
1096 437 1322 485 ingentibus
1353 435 1471 484 signis

148 498 198 533 78
231 492 396 544 (21355)
418 508 442 530 a
1062 493 1253 542 scripsere
1284 493 1348 529 alii
1378 505 1462 529 rem

475 551 650 588 versibus
683 562 783 600 quos
815 550 908 587 olim
940 550 1066 586 Fauni
1098 557 1291 599 vatesque
1312 551 1520 594 canebant,

472 621 562 645 cum
593 620 726 657 neque
758 608 964 644 Musarum
992 607 1178 656 scopulos

416 665 436 701 b
525 677 600 702 nec
631 665 724 702 dicti
754 665 953 701 studiosus
985 664 1197 713 quisquam
1229 670 1312 700 erat
1343 670 1437 700 ante
1470 664 1576 700 hunc

416 736 434 758 c
467 734 541 759 nos
572 722 657 759 ausi
688 734 862 759 reserare

146 783 196 818 79
230 777 373 830 (2185)
415 791 489 815 nec
530 779 742 828 quisquam
773 778 957 827 sophiam
988 778 1184 827 sapientia
1215 790 1318 826 quae
1349 778 1577 826 perhibetur

415 836 456 872 in
488 836 638 873 somnis
669 837 766 872 vidit
796 836 902 884 prius
935 848 1055 884 quam
1087 848 1172 872 sam
1204 835 1357 872 discere
1388 835 1520 883 coepit

144 897 196 932 80
229 891 344 943 (222)
413 893 538 942 qualis
569 893 738 930 consiliis
769 899 1045 941 quantumque
1075 898 1253 941 potesset
1283 892 1323 927 in
1354 892 1472 929 armis

145 953 196 988 81
231 948 346 998 (223)
416 950 572 999 Appius
603 951 743 987 indixit
775 950 1174 999 Karthaginiensibus
1205 949 1352 986 bellum

143 1009 195 1045 82
229 1006 343 1057 (224)
414 1007 623 1056 explorant
653 1007 857 1044 Numidae
898 1013 1047 1044 totum:
1089 1007 1214 1055 quatit
1256 1006 1401 1055 ungula
1432 1012 1575 1043 terram

142 1067 196 1103 83
227 1062 345 1114 (225)
414 1064 602 1101 mulserat
642 1065 720 1101 huc
760 1077 904 1101 navem
945 1064 1180 1112 conpulsam
1211 1064 1394 1100 fluctibus
1420 1069 1575 1111 -pontus

142 1124 195 1159 84
227 1130 324 1169 (227
338 1119 392 1168 55)
874 1127 1009 1158 tonsas
1041 1127 1134 1157 ante
1165 1127 1347 1157 tenentes

413 1184 607 1226 parerent,
639 1178 906 1223 observarent,
937 1178 1170 1227 portisculus
1203 1178 1357 1227 signum

414 1247 506 1271 cum
537 1236 632 1272 dare
664 1235 860 1284 coepisset

247 1290 343 1341 230)
414 1287 556 1341 eeposte
596 1292 813 1329 recumbite
855 1298 1065 1342 vestraque
1096 1298 1258 1340 pectora
1289 1292 1421 1340 pellite
1452 1292 1575 1328 tonsis

247 1348 342 1399 231)
413 1361 521 1398 pone
551 1355 713 1398 petunt:
747 1349 850 1386 exim
881 1350 1056 1386 referunt
1086 1350 1138 1385 ad
1170 1355 1334 1398 pectora
1364 1355 1499 1386 tonsas

247 1416 324 1454 232
339 1404 373 1456 5)
415 1406 589 1455 denique
610 1407 647 1442 vi
669 1418 814 1455 magna
835 1407 1063 1455 quadrupes
1086 1418 1210 1455 eques
1231 1412 1352 1455 atque
1375 1406 1574 1455 elephanti

415 1464 612 1511 proiciunt
642 1475 730 1500 sese

248 1530 325 1567 234
339 1518 540 1570 55)113θεθ
568 1521 721 1557 locutus
752 1526 878 1565 vocat,
914 1533 1087 1569 quocum
1120 1521 1225 1557 bene
1256 1532 1377 1569 saepe
1408 1520 1576 1557 libenter

414 1589 595 1614 mensam
626 1589 912 1626 sermonesque
944 1590 1035 1614 suos
1066 1589 1278 1626 rerumque
1308 1589 1467 1614 suarum

413 1634 580 1671 comiter
609 1635 783 1683 impertit
814 1646 1001 1683 magnam
1033 1647 1122 1671 cum
1154 1635 1279 1671 lassus
1311 1634 1389 1671 diei

413 1697 566 1740 partem
598 1692 735 1728 fuisset
765 1692 817 1728 de
848 1692 1010 1728 summis
1041 1692 1158 1728 rebus
1190 1692 1376 1740 regundis

413 1749 577 1785 consilio
607 1748 705 1785 indu
736 1749 823 1786 foro
854 1750 935 1786 lato
966 1755 1187 1797 sanctoque
1217 1754 1368 1793 senatu,

415 1805 476 1842 cui
508 1817 569 1842 res
601 1807 793 1842 audacter
822 1818 986 1855 magnas
1017 1818 1242 1854 parvasque
1273 1806 1487 1854 iocumque

414 1862 664 1911 eloqueretur
695 1868 733 1900 et
764 1869 905 1900 cuncta
936 1863 1121 1911 malaque
1153 1868 1192 1899 et
1222 1863 1329 1899 bona
1361 1863 1468 1899 dictu

140 2038 184 2066 75
208 2030 304 2061 Varr.
322 2030 400 2072 ling.
421 2037 450 2070 7,
468 2039 507 2072 41
559 2031 626 2062 scil.
656 2033 775 2063 Cineas
845 2034 889 2068 76
913 2032 1004 2062 Non.
1032 2038 1094 2072 150
1133 2036 1284 2072 precatur
1309 2032 1432 2062 Decius
1481 2040 1492 2061 1
1512 2033 1574 2062 diu

141 2075 223 2105 trad.
282 2084 299 2106 2
325 2073 475 2108 ‘strenue
495 2078 649 2119 sortiter
680 2082 714 2108 et
735 2074 939 2108 constanter²
997 2085 1014 2117 3
1041 2080 1160 2108 anima
1185 2077 1282 2108 codd.
1401 2087 1443 2114 77
1468 2077 1572 2108 Macr.

139 2124 200 2150 sat.
219 2118 250 2159 6,
274 2129 301 2159 1,
319 2121 338 2152 8
378 2132 453 2153 cum
474 2122 697 2153 decertaretur
713 2123 755 2153 ad
775 2123 1005 2153 Beneventum
1077 2126 1120 2159 78
1145 2122 1213 2153 Cic.
1235 2123 1326 2153 Brut.
1348 2129 1387 2163 75
1413 2126 1448 2159 -1-
1472 2129 1509 2161 71
1535 2125 1569 2160 ÷

139 2170 222 2196 orat.
245 2173 303 2205 171
346 2168 388 2198 cf.
408 2173 490 2198 orat.
512 2175 572 2208 157
599 2168 665 2198 div.
687 2176 714 2206 1,
739 2177 801 2209 114
840 2168 938 2199 Varr.
957 2168 1033 2209 ling.
1054 2175 1084 2206 7,
1103 2167 1144 2208 36
1179 2168 1294 2208 Quint.
1313 2168 1388 2198 inst.
1408 2177 1439 2207 9,
1456 2178 1488 2209 4,
1512 2176 1571 2209 115

140 2211 265 2249 <liber
280 2212 377 2252 VII)
419 2215 608 2256 2fazcnz‘et
624 2214 740 2244 Varr.:
758 2215 896 2245 Faunei
909 2215 953 2244 V.
1026 2223 1070 2251 79
1086 2214 1177 2244 Fest.
1200 2221 1262 2254 325
1289 2214 1383 2244 Paul.
1397 2214 1489 2244 Fest.
1509 2221 1574 2254 324

145 2265 157 2286 1
179 2258 433 2299 philosophiam
459 2259 541 2289 trad.
592 2267 609 2289 2
635 2256 731 2290 ‘eam’
832 2262 877 2290 8ο
900 2260 973 2290 cod.
992 2259 1090 2299 sang.
1111 2258 1172 2289 621
1202 2259 1314 2290 Orosii
1337 2259 1414 2290 hist.
1433 2269 1464 2300 4,
1481 2258 1512 2297 6,
1532 2267 1569 2290 21

140 2305 179 2333 81
210 2302 277 2333 Cic.
304 2303 371 2333 inv.
401 2312 428 2342 1,
455 2311 494 2343 27
529 2305 659 2335 initium
693 2304 771 2335 belli
794 2305 914 2335 Punici
944 2305 1042 2346 primi
1157 2307 1201 2335 82
1227 2305 1329 2335 Macr.
1349 2310 1409 2335 sat.
1429 2305 1460 2341 6,
1485 2313 1512 2342 1,
1532 2313 1572 2335 22

141 2352 249 2379 totum
286 2348 354 2379 scil.
381 2355 539 2390 campum
589 2355 696 2381 totam
719 2361 750 2380 v.
776 2350 796 2380 l.
890 2353 934 2387 83
958 2351 1061 2381 Prisc.
1089 2350 1150 2381 GL
1175 2350 1210 2380 II
1234 2349 1301 2390 486
1350 2353 1469 2382 navim
1494 2361 1524 2381 v.
1551 2350 1571 2381 1.

139 2396 185 2430 84
208 2394 300 2424 Non.
325 2401 384 2434 151
431 2403 443 2425 Ι
473 2399 585 2426 tonsas
608 2400 688 2426 ante
713 2395 893 2426 Columna:
921 2401 1057 2427 tusante
1073 2396 1183 2426 Non:
1211 2400 1343 2426 tonsam
1367 2401 1446 2427 ante
1469 2395 1571 2427 Scal.:

141 2443 256 2470 tusam
286 2444 365 2470 ante
388 2440 536 2479 Lindsay
593 2438 722 2472 eremos’
781 2449 798 2471 2
824 2439 993 2472 ‘hortator
1020 2438 1204 2483 renugrum’
1320 2444 1363 2478 85
1389 2442 1417 2471 F
1420 2446 1479 2472 est.
1506 2441 1572 2482 356

135 2488 270 2526 postere
292 2487 435 2516 cumbz'te
459 2485 551 2516 Fest.
645 2489 690 2517 86
713 2487 804 2517 Fest.
824 2487 888 2527 356
913 2487 1008 2517 Paul.
1027 2487 1118 2517 Fest.
1138 2493 1201 2526 357
1297 2489 1339 2523 87
1365 2487 1449 2518 Gell.
1472 2486 1522 2524 18,
1541 2494 1571 2528 5,

143 2537 160 2560 2
174 2540 207 2561 ss
231 2530 334 2561 Macr.
353 2537 413 2562 sat.
432 2529 463 2567 6,
483 2539 514 2571 9,
532 2540 551 2571 9
576 2531 667 2562 Serv.
686 2538 770 2562 auct.
787 2542 897 2572 georg.
918 2540 947 2572 3,
971 2531 1033 2562 116
1103 2535 1147 2562 88
1165 2531 1250 2562 Gen.
1273 2540 1323 2570 12,
1341 2542 1372 2573 4,
1391 2543 1411 2573 4
1455 2541 1467 2563 1
1493 2534 1573 2564 haec

138 2577 291 2607 elocutus
323 2576 405 2607 trad.
453 2579 620 2618 quodcum
652 2576 803 2618 plerique
849 2587 870 2618 4
903 2579 1072 2614 recundis,
1108 2579 1272 2619 regendzk,
1295 2580 1462 2621 secundis
1493 2589 1524 2608 v.
1550 2579 1570 2609 1.

142 2627 159 2659 7
186 2627 358 2662 corruptus
384 2627 519 2663 propter
541 2624 754 2664 eloqueretfir
778 2628 811 2654 et
834 2626 956 2654 cuncto
981 2623 1021 2653 cf.
1040 2623 1084 2653 V.
1107 2623 1182 2653 adn.
1222 2628 1255 2654 et
1280 2625 1407 2655 Hosius
1432 2624 1475 2655 ad
1503 2623 1523 2654 1.
