1747 2865
830 114 919 137 MIMI
1480 118 1491 142 1
1502 116 1553 154 59

393 221 562 270 fortuna,
593 224 845 261 inmoderata
876 218 917 258 in
948 222 1057 258 bono
1083 232 1212 268 aeque
1233 225 1355 268 atque
1377 214 1417 254 in
1440 217 1554 261 malo,

395 283 427 321 si
457 278 528 319 tibi
561 287 643 318 erat
673 280 824 317 libitum
856 275 1075 315 litterarum
1101 272 1285 314 laudibus

398 335 546 376 florens
577 349 770 375 cacumen
801 332 960 373 nostrae
990 336 1121 371 famae
1152 330 1343 382 frangere,

396 408 465 433 cur
495 390 586 432 cum
616 394 801 442 vigebam
833 388 1021 429 membris
1056 387 1422 440 praeviridantibus,

396 453 490 490 satis
520 448 651 488 facere
682 450 833 499 populo
866 455 904 486 et
934 445 1001 485 tali
1032 461 1121 485 cum
1152 443 1335 496 poteram
1366 446 1458 490 viro,

394 521 478 546 non
509 504 573 545 me
605 507 820 544 flexibilem
852 502 1100 543 concurvasti
1130 511 1173 541 ut
1203 501 1414 553 carperes?

396 561 600 618 nunc(ine)
632 576 697 601 me
729 563 879 600 deicis?
922 558 1032 611 quo?
1075 562 1170 611 quid
1201 562 1253 598 ad
1279 572 1466 598 scaenam
1489 556 1559 595 ad-

1390 617 1503 654 fero?

400 675 587 717 decorem
617 679 770 715 formae
801 689 853 713 an
885 672 1120 725 dignitatem
1151 671 1337 724 corporis,

398 732 522 774 animi
552 736 735 772 virtutem
766 746 818 771 an
849 729 956 770 vocis
986 728 1184 769 iucundae
1215 732 1385 769 sonum?

398 799 440 830 ut
470 789 620 830 hedera
649 803 813 841 serpens
844 787 946 827 vires
976 786 1163 826 arboreas
1193 795 1320 832 necat,

399 851 452 887 ita
483 845 548 886 me
578 855 751 886 vetustas
783 845 970 896 amplexu
1000 859 1196 883 annorum
1229 842 1390 882 enecat:

403 902 571 956 sepulcri
603 906 736 943 similis
766 901 821 941 ml
853 904 925 941 nisi
956 916 1106 941 nomen
1137 899 1287 939 retineo

128 970 181 1006 34
213 963 330 1016 (125)
399 959 531 1014 porro,
564 963 757 1011 Quirites!
803 958 1026 999 libertatem
1058 956 1261 1009 perdimus

128 1027 181 1064 35
214 1020 330 1073 (126)
400 1033 566 1058 necesse
597 1027 655 1058 est
685 1020 830 1056 multos
861 1015 1002 1056 timeat
1033 1030 1153 1067 quem
1184 1012 1297 1053 multi
1328 1016 1468 1053 timent

129 1083 182 1120 36
212 1078 311 1130 (127
326 1077 380 1128 ss)
402 1090 485 1115 non
516 1073 684 1127 possunt
714 1076 830 1125 primi
861 1088 947 1113 esse
979 1071 1120 1112 omnes
1152 1074 1261 1110 omni
1302 1074 1341 1109 in
1381 1069 1561 1121 tempore

401 1147 603 1172 summum
634 1135 686 1171 ad
717 1134 884 1184 gradum
916 1145 1007 1170 cum
1038 1129 1223 1169 claritatis
1255 1126 1421 1174 veneris,

402 1188 596 1229 conslstes
626 1203 754 1240 aegre,
785 1186 895 1227 nictu
925 1189 1037 1226 citius
1068 1184 1243 1225 decidas

403 1249 527 1286 cecidi
558 1261 644 1298 ego,
675 1249 792 1285 cadet
822 1248 889 1296 qui
919 1243 1116 1295 sequitur.
1149 1246 1232 1282 laus
1264 1251 1322 1282 est
1352 1240 1509 1293 publica

132 1312 182 1347 37
218 1305 364 1357 (1328)
406 1318 519 1343 amor
563 1301 653 1343 tuus
698 1311 780 1342 tam
825 1305 903 1341 cito
945 1299 1086 1340 crescit
1126 1314 1247 1352 quam
1287 1314 1438 1350 porrus,
1480 1297 1562 1337 tam

1026 1373 1147 1409 quam
1178 1360 1311 1408 palma
1343 1354 1509 1395 firmiter

132 1425 184 1461 38
217 1416 380 1471 (134s6)
404 1421 456 1457 ad
495 1431 674 1457 amorem
715 1419 959 1456 iniciendum
991 1418 1262 1454 delenimenta
1293 1428 1379 1453 esse
1410 1416 1563 1452 delera-

746 1482 891 1515 menta,
924 1475 1120 1511 beneficia
1150 1480 1285 1511 autem
1317 1472 1511 1510 veneficia

132 1539 186 1575 39
217 1532 334 1585 (137)
405 1529 552 1582 incipio
597 1529 935 1570 adulescenturire
981 1538 1020 1568 et
1058 1527 1192 1568 nescio
1234 1531 1329 1579 quid
1369 1526 1564 1579 nugarum

1381 1588 1512 1624 facere

133 1652 186 1688 40
217 1646 316 1699 (138
328 1646 362 1698 s)
404 1643 603 1696 quaenam
643 1659 768 1691 mens,
814 1658 918 1695 quae
959 1641 1144 1683 deleritas
1189 1657 1260 1682 vos
1305 1639 1562 1692 suppolitoris

1419 1701 1513 1738 facit

406 1773 498 1798 cum
529 1757 631 1798 cano
663 1755 778 1809 eugic')
809 1755 1034 1809 puellitari?

134 1823 186 1858 41
218 1817 312 1870 (141
329 1817 383 1869 ss)
406 1830 573 1855 uxorem
612 1824 721 1854 tuam
754 1823 793 1854 et
823 1829 955 1854 meam
986 1828 1201 1854 novercam
1232 1828 1255 1853 a
1286 1816 1437 1865 populo
1468 1815 1566 1864 lapi-

407 1876 523 1912 dibus
560 1874 779 1912 consectari
809 1874 928 1911 video

135 1936 188 1971 42
221 1931 336 1983 (145)
407 1929 525 1969 lavite
554 1932 649 1968 item
681 1931 834 1967 hillaml
882 1927 1001 1968 cocus
1033 1931 1063 1968 si
1084 1931 1263 1967 lumbum
1284 1926 1446 1974 adussit,
1478 1942 1566 1966 cae-

1238 1982 1353 2024 detur
1384 1987 1513 2035 flagris

140 2090 180 2121 16
192 2092 320 2133 forma
344 2089 415 2121 Ba1
468 2090 504 2120 18
521 2091 626 2131 floris
650 2089 701 2120 ll.:
736 2099 788 2120 ern
813 2090 947 2130 Lipsius
996 2097 1034 2119 21
1052 2090 1242 2131 flexzbz'lem
1267 2100 1318 2119 me
1341 2088 1390 2118 ll.:
1414 2088 1570 2129 flexz‘lem

136 2147 188 2166 me
210 2135 335 2166 Buech.
380 2143 419 2165 22
445 2147 534 2176 quor
557 2136 585 2166 ci
610 2135 716 2165 Ribb.
760 2143 802 2175 24
826 2137 986 2166 zvcundae
1009 2134 1041 2165 ll.
1089 2134 1130 2165 26
1153 2139 1249 2166 necat
1264 2134 1296 2164 ll.
1322 2139 1451 2175 praeter
1467 2143 1570 2164 unum

139 2188 178 2219 27
203 2182 392 2222 sepulchris
416 2181 467 2210 Ba
544 2189 588 2217 34
614 2181 716 2211 Macr.
736 2186 796 2211 sat.
814 2180 834 2210 l.
851 2191 878 2211 c.
905 2180 1123 2219 (exclamabat
1146 2180 1310 2211 Publilius
1335 2180 1447 2218 Syrus)
1526 2188 1569 2216 35

136 2227 240 2257 Macr.
258 2232 318 2257 sat.
336 2226 356 2256 l.
375 2236 401 2257 c.
428 2226 504 2257 Sen.
523 2226 565 2256 de
585 2226 632 2256 ira
650 2234 680 2262 2,
702 2235 751 2262 11,
770 2234 788 2266 3
838 2226 937 2261 (idem
963 2226 1168 2257 exclamabat
1192 2226 1303 2266 Syrus)
1397 2227 1442 2261 36
1466 2225 1569 2255 Macr.

138 2276 198 2302 sat.
230 2279 261 2308 2,
287 2278 317 2310 7,
346 2278 363 2310 7
413 2272 537 2310 (versus
567 2272 600 2302 in
626 2271 808 2302 Publilium
834 2271 953 2313 Syrum
986 2271 1122 2310 conditi)
1181 2278 1199 2310 3
1226 2274 1438 2302 consistentes
1462 2269 1568 2301 Palat.

139 2319 234 2348 nictu
263 2317 388 2347 Ribb.:
425 2328 482 2348 nec
506 2316 559 2347 vel
582 2322 616 2348 et
638 2317 689 2347 ll.:
724 2319 829 2348 ncmz'o
855 2316 979 2348 Buech.
1015 2317 1068 2356 (ad
1091 2317 1203 2348 Plauti
1228 2317 1318 2346 Trin.
1345 2316 1421 2355 387)
1469 2318 1570 2346 cztz'us

139 2373 244 2404 quam
274 2364 431 2393 ascendas
465 2363 672 2401 (descendas)
706 2363 782 2393 Par.
815 2363 865 2393 Ba
911 2365 1036 2394 decides
1060 2363 1154 2393 Par.:
1188 2362 1282 2403 prob.
1309 2360 1433 2392 Buech.
1526 2369 1569 2398 37

138 2408 266 2438 Fronto
285 2415 315 2445 2,
332 2415 353 2448 9
377 2418 408 2449 p.
428 2415 471 2447 30
488 2409 533 2438 N.
584 2410 664 2439 tu'us
688 2420 785 2439 amor
806 2414 809 2443 l
834 2411 904 2439 tcim
928 2411 995 2440 cz'to‘
1017 2418 1075 2449 eqs
1102 2408 1208 2438 Ribb.
1287 2411 1330 2444 38
1356 2407 1483 2438 Fronto
1502 2415 1529 2448 1,
1550 2405 1570 2437 6

139 2464 171 2495 p.
194 2461 233 2492 19
252 2453 296 2483 N.
367 2462 413 2490 39
439 2454 528 2484 Non.
549 2460 590 2493 74
659 2462 705 2490 4⁰
727 2454 817 2485 Non.
837 2462 903 2494 490
955 2462 966 2484 1
995 2450 1180 2484 ‘deteratz'o’
1227 2461 1245 2483 2
1270 2465 1296 2484 c.
1320 2464 1346 2484 c.
1376 2451 1568 2494 <anz'lz'que>

138 2510 214 2542 eug.
233 2503 271 2540 p.
300 2497 493 2540 (turpiter)
522 2498 645 2530 Buech.
716 2508 754 2535 41
785 2499 887 2530 Prisc.
906 2499 968 2530 GL
986 2499 1021 2529 ΙΙ
1039 2498 1104 2539 384
1152 2502 1292 2529 uxorem
1318 2503 1414 2529 tuam
1436 2498 1440 2539 Ι
1462 2503 1495 2529 et
1526 2509 1569 2529 m.

139 2555 173 2575 n.
197 2555 285 2576 cons.
312 2545 379 2585 lap.
403 2546 406 2583 Ι
428 2556 449 2574 α
467 2550 548 2585 pop.
577 2546 671 2575 video
696 2543 817 2582 Bothe,
864 2544 920 2575 ahi
943 2544 1038 2575 aliter
1062 2554 1173 2575 versus
1198 2544 1436 2575 distribuerunt
1521 2553 1565 2580 42

140 2590 232 2621 Non.
257 2597 318 2620 122
367 2591 452 2620 labit
475 2592 564 2627 item,
591 2591 763 2621 labz'tatem
788 2590 839 2622 ll.:
866 2600 918 2621 em
944 2590 1049 2620 Ribb.
1098 2586 1283 2621 ‘intestina’
1320 2590 1452 2632 flagris
1477 2590 1569 2632 (fra-

135 2636 237 2677 gilis)
261 2637 418 2667 caeditur
441 2635 491 2665 ll.:
518 2645 570 2666 em
595 2636 702 2666 Ribb.

1580 458 1613 476 20

1581 748 1612 774 25
