1747 2865
198 109 211 134 1
223 108 243 134 2
251 107 271 134 2
797 99 827 123 c.
853 99 1018 123 chnva

191 212 273 247 250
307 207 402 257 (547
417 206 451 257 s)
905 219 1050 256 magna
1083 219 1173 245 ossa
1204 208 1418 257 lacertique

495 264 691 312 adparent
723 263 875 300 homini

192 325 272 359 251
307 320 345 372 (5
353 331 406 368 50
418 319 451 369 s)
493 326 625 357 cetera
655 319 874 357 contemnit
905 326 944 356 et
973 321 1013 356 in
1043 332 1163 358 usura
1194 321 1328 358 omnia
1358 322 1472 370 ponit

492 388 576 414 non
607 388 772 426 magna:
805 376 1009 425 proprium
1040 389 1134 414 vero
1164 377 1218 414 nil
1248 378 1451 415 neminem
1477 379 1625 416 habere

192 438 273 472 252
307 433 402 483 (552
418 432 451 483 3)
494 428 539 470 ‘si
561 446 643 470 non
663 433 702 477 it,
724 429 870 482 capito’
890 433 1018 482 inquit
1039 429 1156 479 ‘eum‚
1180 440 1218 471 et
1238 435 1268 472 si
1285 432 1470 472 calvitur².
1502 431 1624 484 “ergo

492 491 554 526 fur
583 490 792 527 dominum
805 486 851 526 ?³'

192 552 273 586 ⁸253
307 555 402 595 (555
418 546 451 595 5)
493 547 599 583 milia
630 553 672 583 tu
699 553 860 583 centum
890 548 1075 584 frumenti
1105 548 1207 585 tollis
1229 549 1488 593 medimnum,

493 604 572 639 vini
603 604 707 640 mille
737 605 882 640 cadum

192 664 273 699 254
307 660 422 709 (557)
493 661 622 710 rugosi
652 661 842 709 passique
872 673 988 698 senes
1021 662 1162 698 eadem
1194 662 1331 699 omnia
1362 669 1560 711 quaerunt

192 720 272 756 255
306 716 421 766 (558)
494 717 669 766 denique
700 717 755 754 uti
785 718 905 755 stulto
936 718 989 754 nil
1019 719 1068 755 sit
1097 719 1201 763 satis,
1234 719 1369 756 omnia
1400 731 1491 756 cum
1521 719 1599 756 sint

191 777 273 813 256
306 772 403 823 (559
417 773 450 823 5)
494 769 646 811 eaurum
686 775 742 812 vis
773 771 1093 827 hominem(ne?)
1125 771 1300 813 habeas'.
1361 771 1624 813 “hominem?

1159 832 1255 881 quid
1285 833 1337 869 ad
1367 844 1508 869 aurum
1522 828 1567 869 ?’'

493 900 626 936 quare,
673 895 715 924 ut
758 889 935 933 dicimus,
976 900 1059 925 non
1099 889 1217 926 xddeo
1256 889 1320 926 hic
1351 890 1448 939 quid
1479 901 1625 939 magno

1275 958 1397 995 opere
1433 953 1569 995 optem

192 1006 270 1040 25?
306 1000 400 1051 (561
417 1000 450 1051 s)
482 1002 537 1039 sic
567 1008 609 1038 tu
639 1001 726 1039 illos
757 1003 902 1039 fructus
934 1014 1112 1051 quaeras,
1143 1003 1311 1040 adversa
1340 1003 1473 1040 hieme
1503 1004 1598 1040 olim

493 1059 580 1108 quis
610 1059 666 1095 uti
697 1059 824 1107 possis
854 1071 901 1096 ac
932 1060 1130 1097 delectare
1161 1060 1270 1097 domi
1301 1066 1341 1097 te

410 1114 421 1165 )
493 1116 547 1152 sic
577 1115 800 1165 singillatim
831 1122 1011 1153 nostrum
1042 1128 1143 1153 unus
1175 1117 1342 1166 quisque
1373 1123 1557 1154 movetur

411 1171 423 1221 )
494 1185 607 1210 sume
637 1173 755 1217 diem,
787 1172 854 1222 qui
886 1179 945 1210 est
975 1173 1080 1210 visus
1111 1173 1181 1209 tibi
1211 1174 1496 1223 pulcherrimus
1525 1186 1626 1211 unus

411 1228 422 1278 )
492 1229 815 1278 peniculamento
846 1242 941 1267 vero
972 1230 1268 1279 reprehendere
1298 1231 1379 1267 noli

192 1290 272 1324 261
307 1284 422 1335 (566)
493 1293 535 1322 ut
574 1287 686 1335 pueri
717 1287 887 1324 infantes
918 1288 1076 1332 faciunt,
1117 1288 1385 1324 mulierculam
1415 1288 1627 1325 honestam

191 1346 272 1381 262
305 1341 420 1392 (567)
492 1355 656 1381 rausuro
688 1344 854 1393 tragicus
887 1345 955 1393 qui
985 1344 1159 1382 carmina
1190 1345 1321 1393 perdit
1351 1344 1493 1382 Oreste

195 1403 273 1439 363
308 1398 405 1449 (568
494 1412 693 1449 purpureo
725 1401 834 1438 tersit
863 1407 958 1438 tunc
989 1401 1085 1438 latas
1115 1413 1292 1451 gausape
1323 1413 1482 1439 mensas

192 1460 273 1495 264
306 1455 404 1506 (569
492 1457 543 1493 illi
573 1458 751 1506 praeciso
783 1464 904 1507 atque
935 1458 1060 1507 epulis
1091 1459 1299 1507 capiuntur
1329 1459 1471 1507 opimis

193 1518 273 1552 265
307 1513 407 1563 (570
420 1513 474 1559 55)
497 1521 734 1563 tempestate
779 1527 850 1552 sua
895 1521 1016 1564 atque
1062 1516 1208 1553 eodem
1249 1528 1330 1552 uno
1370 1522 1552 1564 tempore
1592 1521 1630 1552 et

1448 1573 1572 1609 horae

494 1628 659 1665 dimidio
692 1635 730 1664 et
761 1629 882 1665 tribus
914 1629 1103 1666 confectis
1136 1630 1346 1666 dumtaxat
1380 1652 1426 1655 —
1458 1630 1628 1666 eandem

493 1686 545 1722 ad
578 1692 760 1733 quartam

193 1809 259 1837 250
284 1801 386 1830 Macr.
403 1806 463 1831 sat.
483 1800 513 1837 6,
535 1809 561 1837 1,
580 1809 621 1841 43
671 1801 713 1832 de
738 1801 783 1831 Iri
816 1807 917 1842 atque
942 1801 1052 1831 Vlixis
1084 1811 1194 1842 pugna
1227 1801 1268 1831 ab
1300 1800 1417 1831 ancilla
1440 1800 1630 1841 Penelopae

192 1846 358 1886 descripta
374 1848 497 1887 cogitat
510 1847 568 1876 Ma
583 1846 720 1877 conlatis
736 1846 840 1877 Hom.
856 1858 874 1879 0
894 1846 935 1877 66
946 1857 978 1877 55
1026 1856 1087 1883 251
1111 1847 1202 1877 Non.
1219 1845 1281 1886 362
1324 1855 1336 1876 1
1357 1849 1553 1886 contempni
1566 1845 1628 1876 Ll:

192 1891 260 1922 scil.
291 1893 424 1922 Stoz'cus
457 1893 657 1923 litterarum
681 1894 758 1934 sur
786 1893 866 1932 (Ma)
925 1901 941 1922 2
968 1889 1196 1933 ‘perpetuum'
1244 1897 1380 1933 propter
1412 1891 1510 1921 breve
1542 1892 1631 1922 vitae

192 1937 335 1978 spatium
370 1938 450 1975 (Ma)
511 1947 576 1974 252
603 1939 693 1968 Non.
723 1945 738 1976 7
792 1946 805 1968 1
834 1941 862 1969 2't
886 1937 954 1969 scil.
981 1941 1016 1969 sn
1042 1941 1096 1969 ius
1115 1939 1185 1979 fur
1210 1934 1436 1979 ‘frustratur’
1490 1945 1534 1967 15
1558 1937 1628 1968 scil.

192 1986 300 2023 capiet
369 1992 435 2020 253
460 1984 551 2013 Non.
574 1982 672 2024 1544.
693 1981 777 2024 ’3495
822 1984 946 2022 (liber
965 1984 1136 2022 XVIII)
1182 1992 1194 2013 1
1225 1988 1263 2014 tu
1290 1982 1351 2021 (vel
1376 1984 1470 2021 dnm)
1493 1987 1629 2014 centum

194 2027 286 2058 Leo³
319 2028 425 2068 (852);
461 2031 644 2060 ducentum
678 2028 710 2059 ll.
755 2031 937 2072 formenti
966 2030 1060 2060 tolles
1091 2027 1206 2059 ΝΟΠ.1
1363 2037 1430 2065 254
1461 2029 1553 2058 Non.
1589 2036 1626 2058 12

193 2074 317 2111 (liber
342 2074 466 2113 XIX)
515 2072 648 2117 ‘rugosi
668 2074 720 2105 vel
743 2073 835 2106 sicci’
881 2075 949 2106 scil.
969 2077 1154 2116 pecuniam
1234 2083 1300 2111 255
1324 2074 1416 2105 Non.
1436 2081 1498 2114 445
1537 2079 1579 2104 ut
1596 2079 1630 2104 et

193 2121 285 2149 nz'lzz'l
307 2120 389 2150 trad.
450 2123 517 2156 256
540 2121 631 2151 Non.
651 2120 714 2160 358
758 2129 774 2150 2
801 2118 959 2163 ‘eligam',
997 2130 1070 2151 cum
1089 2127 1122 2151 et
1138 2130 1255 2150 aurum
1274 2119 1407 2151 sordeat
1424 2126 1458 2149 et
1473 2120 1628 2150 dominus

192 2165 259 2194 auri
377 2174 442 2202 257
468 2166 558 2196 Non.
586 2165 650 2206 358
712 2175 723 2195 Ι
751 2169 798 2197 sic
821 2173 857 2197 ut
883 2167 1019 2197 formica
1080 2174 1096 2196 2
1122 2178 1180 2197 ac:
1203 2167 1284 2197 haec
1308 2167 1390 2196 trad.
1439 2167 1572 2196 domine
1596 2165 1630 2195 ll.

193 2216 322 2250 praeter
347 2210 397 2240 Ll
537 2214 604 2248 258
629 2212 718 2242 Non.
750 2212 811 2251 176
962 2221 1030 2249 259
1052 2212 1144 2242 Non.
1163 2210 1229 2252 396
1277 2209 1356 2242 ‘sciL
1382 2211 1474 2241 cuius
1500 2210 1630 2241 laeteris

193 2253 363 2286 memoria'
389 2257 447 2286 Ma
564 2259 631 2288 260
657 2259 748 2288 Non.
774 2266 834 2297 149
877 2260 1122 2299 penulamento
1147 2257 1198 2288 ll.:
1226 2255 1551 2298 ‘peniculamenz‘um
1569 2281 1575 2287 .
1594 2281 1600 2287 .
1621 2281 1627 2286 .

192 2306 273 2341 pars
306 2299 417 2332 vestz‘s’
449 2302 588 2333 lemma:
635 2303 703 2334 scil.
736 2305 892 2334 mulieris
916 2305 1071 2335 honestae
1118 2315 1196 2334 vere
1221 2303 1302 2333 trad.
1351 2302 1529 2342 coniungas
1553 2312 1627 2332 cum

193 2356 287 2376 versu
312 2349 464 2388 sequenti
571 2351 631 2378 261
663 2349 753 2379 Non.
774 2348 816 2389 56
921 2352 987 2379 262
1012 2349 1114 2379 Prisc.
1134 2349 1195 2380 GL
1214 2349 1249 2379 II
1267 2356 1330 2389 542
1382 2351 1536 2390 tragicus
1559 2347 1628 2378 scil.

194 2393 308 2422 ludius
347 2398 474 2423 orestae
494 2394 574 2424 trad.
617 2405 766 2424 rausum
793 2394 844 2431 (ab
866 2396 992 2433 raucio)
1011 2418 1018 2425 .
1038 2419 1045 2425 .
1065 2418 1071 2424 .
1103 2394 1161 2426 Or.
1187 2394 1251 2425 abl.
1277 2393 1399 2425 absol.:
1427 2404 1627 2429 rausurum,

193 2436 260 2467 scil.
285 2441 420 2475 scimus,
447 2446 479 2469 et
508 2440 644 2471 Orestae
668 2438 763 2470 Leo³
787 2439 852 2480 852
935 2443 1001 2477 263
1025 2440 1129 2470 Prisc.
1148 2440 1209 2471 GL
1226 2440 1261 2470 Π
1280 2438 1346 2480 486
1389 2439 1512 2477 (liber
1527 2438 1625 2475 XX)

195 2481 309 2512 Granii
334 2485 503 2524 praeconis
529 2495 644 2516 cenam
669 2485 812 2516 describi
835 2492 948 2516 censet
964 2486 1025 2516 Ma
1117 2488 1184 2522 264
1208 2486 1299 2516 Non.
1322 2492 1379 2524 151
1432 2484 1629 2514 coniunxere

194 2527 335 2558 editores
357 2529 423 2559 iam
441 2530 568 2560 dudum
586 2540 661 2560 cum
681 2531 742 2561 inc.
768 2538 852 2571 1174
865 2541 897 2561 ss
935 2534 1105 2571 praecioso
1124 2534 1262 2572 (praet-)
1282 2530 1384 2561 trad.:
1427 2526 1627 2570 ‘praecisum

192 2576 226 2601 et
248 2583 398 2604 omasum
419 2580 540 2615 partes
563 2579 678 2607 carnis
700 2581 732 2606 et
760 2574 940 2607 vsscermn’
1041 2580 1107 2614 265
1133 2576 1217 2607 Gell.
1236 2584 1267 2615 3,
1289 2584 1339 2615 14,
1370 2583 1404 2604 11
1455 2575 1561 2614 agitur
1585 2573 1627 2604 de

195 2616 279 2647 febri
303 2628 433 2659 semper
457 2621 598 2651 eandem
623 2621 666 2651 ad
689 2621 805 2652 horam
831 2622 1020 2652 remittente
1038 2623 1118 2661 (Ma)
1164 2630 1177 2651 1
1205 2623 1291 2652 hora
1315 2620 1398 2651 trad.
1435 2628 1452 2660 3
1480 2624 1518 2650 at
1543 2619 1626 2650 trad.
