1730 2861
596 99 716 124 SACRA
739 99 787 122 ET
810 99 986 122 PROFANA
1484 101 1505 139 5

77 216 128 250 14
159 211 267 247 hunc
295 222 420 246 unum
450 208 643 258 plurimae
759 207 1013 244 consentiunt
1042 210 1180 254 gentes

159 267 297 317 populi
327 266 556 315 primarium
672 265 791 301 fuisse
821 265 946 300 virum

25 350 28 353 <
78 329 128 364 15
159 324 288 361 fundit
317 325 426 373 fugat
455 322 668 371 prosternit
783 321 977 358 maximas
1008 319 1183 368 legiones

77 387 128 421 16
160 381 293 418 duello
324 392 469 429 magno
501 379 724 416 dirimendo
841 379 996 426 regibus
1028 375 1255 425 subigendis

16 477 18 479 ,
77 443 183 486 1751
213 438 417 475 avaritiam
463 436 597 474 omnia
642 436 734 472 vitia
779 435 928 472 habere
973 434 1187 483 putabant:
1239 436 1507 480 sumptuosus,

160 495 340 544 cupidus,
372 494 541 543 elegans,
572 492 746 535 vitiosus,
778 492 914 528 inritus
946 491 1012 540 qui
1042 490 1276 533 habebatur,
1307 489 1338 525 is
1370 488 1507 524 lauda-

161 553 277 589 batur

162 609 182 646 b
212 608 343 645 vestiri
372 607 413 644 in
443 608 530 644 foro
561 607 730 643 honeste
761 618 847 643 mos
880 610 972 650 erat,
1004 603 1125 645 domi,
1158 603 1268 652 quod
1299 602 1392 639 satis
1415 606 1507 638 erat.

161 677 286 715 equos
317 664 443 701 carius
465 675 586 712 quam
617 675 769 712 coquos
801 663 998 699 emebant.
1051 661 1234 710 poeticae
1264 659 1355 696 artis
1378 659 1509 695 honos

160 735 243 761 non
275 727 367 759 erat.
418 721 450 757 si
481 720 568 769 quis
598 720 639 756 in
670 732 717 757 ea
748 732 790 757 re
820 720 1016 763 studebat,
1049 723 1119 754 aut
1146 729 1233 754 sese
1254 717 1307 753 ad
1329 714 1511 752 convivia

161 779 396 829 adplicabat,
428 773 648 814 ‘crassator'
677 777 893 814 vocabatur

160 850 179 873 c
206 848 301 873 nam
342 835 423 871 vita
462 835 639 870 humana
679 846 806 883 prope
846 833 901 869 uti
942 833 1088 870 ferrum
1120 837 1188 868 est.
1252 830 1282 867 si
1315 840 1510 872 exerceaS,

161 892 385 936 conteritur,
421 891 453 929 si
484 903 566 928 non
599 903 794 935 exerceas,
826 896 962 927 tamen
993 889 1132 937 robigo
1164 887 1356 924 interficit.
1417 886 1511 922 item

160 949 344 987 homines
389 949 614 985 exercendo
660 948 841 984 videmus
883 946 1044 984 conteri.
1105 945 1137 982 si
1178 945 1274 981 nihil
1316 954 1511 987 exerceas,

160 1006 300 1044 inertia
329 1011 451 1054 atque
482 1006 652 1054 torpedo
683 1005 770 1054 plus
801 1003 1027 1041 detrimenti
1058 1003 1151 1039 facit
1181 1013 1303 1051 quam
1326 999 1511 1037 exercitio

78 1068 128 1103 18
160 1071 313 1101 veteres
345 1062 578 1106 Casmenas,
611 1073 767 1099 cascam
798 1073 881 1098 rem
913 1061 1005 1098 volo
1037 1059 1185 1109 profari

78 1285 129 1320 19
160 1294 184 1317 a
215 1282 397 1318 consulto
427 1280 611 1330 producit
643 1292 733 1316 eum
852 1291 932 1327 quo
964 1278 1012 1315 sit
1046 1278 1317 1327 impudentior

163 1338 183 1374 b
217 1350 338 1387 quem
368 1350 452 1375 non
482 1337 642 1375 rationis
673 1342 857 1386 egentem
974 1335 1065 1372 vicit
1096 1335 1359 1371 Archimedes

164 1409 183 1431 c
215 1395 338 1432 turdis
369 1395 557 1432 edacibus
589 1394 704 1431 dolos
821 1404 1041 1441 comparas,
1073 1392 1202 1428 amice

161 1452 190 1488 d
214 1452 389 1489 merulae
421 1452 531 1500 quod
563 1463 606 1487 os
637 1456 815 1487 vetustae
932 1461 1052 1486 mane
1083 1449 1199 1486 dulce
1230 1453 1364 1485 cantat

160 1523 179 1545 e
213 1509 286 1546 Isis
315 1514 492 1557 pererrat
522 1508 660 1545 orbem
777 1507 948 1544 crinibus
979 1506 1150 1555 profusis

152 1566 188 1615 f
215 1578 306 1603 cum
336 1566 460 1602 victor
491 1564 646 1601 Lemno
677 1565 844 1601 classem
952 1563 1143 1600 Doricam
1179 1562 1396 1611 appulisset

158 1636 184 1671 g
210 1634 399 1672 magnum
430 1634 640 1659 numerum
672 1621 892 1669 triumphat
1007 1620 1188 1657 hostibus
1221 1618 1385 1656 devictis

161 1679 185 1715 h
210 1691 385 1716 summas
417 1691 516 1728 opes
547 1679 615 1727 qui
645 1690 781 1727 regum
899 1678 1025 1726 regias
1056 1677 1214 1725 refregit

83 1903 121 1929 14
146 1892 214 1924 Cic.
234 1891 328 1924 ¹Cat.
350 1892 388 1923 61
412 1891 491 1923 ²²fin.
515 1901 541 1929 1,
567 1892 628 1922 116
674 1891 791 1922 Atili
816 1892 1012 1923 Calatini
1037 1891 1181 1922 censoris
1203 1901 1231 1920 a.
1250 1900 1279 1920 a.
1298 1888 1375 1920 Chr.
1394 1898 1426 1920 n.
1450 1894 1510 1928 247

76 1939 120 1969 ad
151 1937 320 1979 exemplar
343 1938 508 1979 Scipionis
539 1938 683 1969 censoris
718 1937 816 1978 elogii
850 1937 993 1977 elogium
1047 1945 1058 1966 1
1087 1938 1179 1967 hunc
1207 1946 1337 1966 unum.-
1373 1936 1513 1965 unicum

78 1982 189 2015 Cic.¹:
215 1995 283 2015 uno
307 1995 385 2015 cum
409 1981 503 2015 Cic.2
549 1984 590 2014 cf.
609 1981 704 2014 Le01
722 1982 765 2023 48
874 1992 914 2020 15
940 1983 1032 2013 Bass.
1052 1982 1113 2013 GL
1132 1983 1185 2012 V1
1205 1980 1265 2021 265
1295 1983 1349 2019 (in
1373 1981 1518 2011 Acz'lz'z'

81 2030 347 2061 Glabrionis
371 2029 502 2070 tabula)
601 2031 642 2059 ¹6
666 2029 759 2059 Bass.
779 2028 840 2059 GL
857 2029 910 2059 VI
931 2027 1004 2068 265,
1025 2036 1064 2058 22
1114 2028 1155 2058 cf.
1174 2027 1248 2057 LiV.
1269 2034 1323 2066 40,
1343 2032 1397 2065 52,
1414 2034 1434 2065 4
1461 2025 1514 2063 (ad

78 2085 106 2105 a.
125 2085 153 2105 a.
172 2074 249 2105 Chr.
268 2085 299 2105 n.
322 2073 398 2117 179)
439 2085 457 2105 e
482 2074 656 2115 Regilli
682 2073 792 2104 tabula
819 2073 1009 2114 triumphali
1049 2074 1091 2104 cf.
1110 2071 1203 2103 Leo¹
1222 2072 1265 2112 64
1362 2079 1401 2107 17
1427 2069 1512 2100 Gell.

83 2128 132 2156 11,
148 2127 165 2149 2
216 2123 269 2161 (in
305 2122 390 2152 libro
420 2121 620 2156 Catonis,
656 2122 721 2161 qm'
742 2122 929 2160 inscriptus
953 2124 1003 2150 est
1024 2130 1200 2150 carmen
1225 2120 1272 2148 de
1297 2128 1358 2147 7120
1372 2118 1470 2146 rz’bzt
1480 2117 1512 2156 s)

78 2177 99 2195 a
123 2167 311 2196 avaritiam
327 2184 372 2189 ——
387 2168 529 2197 vitiosus
543 2180 585 2191 Ξ
600 2166 692 2195 Non.
715 2164 778 2205 465
821 2168 975 2196 avaritia
1001 2164 1085 2195 Gell.
1104 2164 1254 2205 plerique
1273 2166 1407 2203 putant
1423 2162 1514 2192 Non.

79 2212 219 2242 invidus
242 2211 294 2241 vel
319 2214 446 2242 incitus
470 2210 523 2241 vel
548 2213 754 2252 inquinatus
784 2211 813 2241 ci
837 2221 888 2240 vv.
915 2210 970 2240 dd.
1019 2213 1085 2251 qui
1104 2219 1190 2240 unus
1209 2212 1249 2247 (V.
1270 2208 1321 2247 l.):
1356 2218 1420 2248 que
1444 2206 1512 2236 rell.

82 2254 251 2298 (avarus)
288 2257 381 2287 laud.
430 2257 470 2288 L.
490 2256 650 2286 Mueller:
687 2259 714 2286 ss
747 2258 906 2286 audiebat
930 2267 1060 2286 avarus
1085 2254 1204 2285 Baehr.
1254 2256 1271 2284 b
1297 2255 1396 2294 quss:
1429 2254 1517 2293 quid

78 2301 130 2332 vel
149 2304 253 2343 quz‘v.
272 2300 292 2331 l.
312 2303 449 2333 ludebat
468 2301 588 2333 Baehr.
636 2313 652 2332 c
676 2313 709 2332 se
725 2301 776 2331 vel
795 2304 830 2332 z'n
847 2303 1028 2332 exercendo
1046 2300 1164 2341 singuli
1262 2301 1304 2329 18
1322 2299 1417 2328 Varr.
1436 2298 1513 2338 ling.

81 2354 110 2386 7,
130 2347 171 2377 28
220 2348 274 2388 (in
298 2350 499 2378 carmine
522 2348 632 2378 Pria
644 2348 715 2386 ml)
764 2344 954 2378 ‘Camenas’
998 2347 1038 2377 cf.
1060 2344 1153 2376 Leol
1172 2343 1236 2385 32¹
1336 2353 1378 2380 19
1401 2353 1514 2373 versus

79 2393 269 2423 saturnii
300 2403 319 2422 a
350 2393 649 2432 grammaticis
683 2391 860 2423 schematis
893 2391 1091 2422 inlustrandi
1122 2401 1221 2421 causa
1251 2389 1351 2420 ficti
1398 2389 1439 2419 de
1463 2387 1514 2418 his

78 2438 234 2468 saturniis
267 2438 388 2478 quibus
419 2437 587 2468 addideris
619 2438 727 2468 Naev.
753 2436 795 2478 46
830 2438 881 2477 (cf.
908 2438 964 2478 47)
999 2442 1031 2467 et
1055 2438 1131 2467 Ter.
1158 2437 1266 2466 Maur.
1299 2440 1382 2474 2497
1408 2444 1439 2464 55
1471 2434 1512 2464 cf.

78 2482 171 2513 Leol
186 2490 216 2522 7.
231 2491 251 2522 9
287 2495 308 2514 a
328 2483 422 2513 Bass.
437 2483 498 2514 GL
512 2483 564 2513 VI
580 2482 642 2513 266
679 2483 721 2513 de
733 2488 840 2514 metro
852 2482 1041 2523 Eupolideo
1055 2482 1095 2512 cf.
1110 2482 1202 2512 Bass.
1222 2481 1242 2511 1.
1258 2480 1277 2510 1.
1292 2481 1364 2510 Leo
1375 2477 1388 2496 ¹
1406 2488 1456 2511 10.
1472 2479 1513 2518 76

79 2531 98 2559 b
122 2529 216 2559 Bass.
242 2529 304 2560 GL
328 2529 381 2559 VI
408 2527 469 2568 265
517 2540 534 2559 c
558 2528 652 2559 Bass.
675 2528 736 2559 GL
753 2528 806 2559 VI
826 2527 888 2568 265
938 2530 962 2558 d
985 2527 1077 2557 Mall.
1098 2526 1228 2557 Theod.
1249 2525 1310 2556 GL
1327 2526 1381 2556 VI
1399 2531 1474 2565 594,
1494 2524 1514 2555 6

79 2585 96 2604 e
119 2574 210 2605 Serv.
230 2579 325 2605 metr.
344 2574 406 2605 GL
424 2574 477 2604 IV
497 2571 574 2614 466,
595 2580 610 2611 7
648 2575 683 2615 f
696 2574 780 2604 Mar.
794 2573 962 2605 Victorin.
978 2573 1039 2604 GL
1054 2573 1106 2603 VI
1126 2581 1197 2612 139,
1216 2578 1253 2612 15
1298 2571 1396 2613 gPs.
1415 2570 1512 2601 Cens.

80 2618 142 2650 GL
154 2620 208 2650 VI
222 2619 299 2660 615,
314 2619 333 2649 8
381 2621 403 2650 h
428 2619 542 2650 Diom.
558 2619 619 2650 GL
631 2619 740 2659 1512,
756 2627 799 2649 20
823 2619 961 2649 Fortun.
977 2618 1038 2649 GL
1051 2618 1105 2648 VI
1121 2626 1196 2658 294,
1214 2625 1227 2647 1
