1747 2865
631 110 789 133 SCENICA
836 109 1004 133 TRAGICA
1314 146 1317 148 Ι
1477 115 1499 152 3
1506 114 1528 153 5

102 222 183 257 242
244 216 331 268 (79)
401 218 503 267 rapit
533 217 582 254 ex
612 219 692 255 alto
722 217 844 254 naves
874 217 1061 254 velivolas

103 279 183 315 243
244 273 360 325 (Sos)
400 294 430 311 υ
450 307 475 310 -
495 294 524 311 υ
553 286 681 311 annos
717 275 862 311 multos
892 275 1109 323 longinque
1142 274 1191 310 ab
1223 274 1345 310 domo

403 327 551 368 bellum
581 337 764 380 gerentes
794 331 994 368 summum
1025 342 1182 368 summa
1202 326 1395 367 industria

103 392 184 428 244
245 386 332 439 (82)
404 388 588 425 Hectoris
618 393 755 424 natum
787 387 838 424 de
869 388 1046 424 Troiano
1077 387 1192 424 muro
1222 383 1357 424 iactari
1387 407 1416 424 0
1435 418 1461 424 ...

102 449 183 485 245
245 444 285 496 (8
290 455 311 493 3
327 443 360 495 s)
402 457 497 481 nam
509 445 576 482 ubi
588 444 814 482 introducta
828 451 885 481 est
896 445 1147 493 puerumque
1159 450 1201 480 ut
1211 443 1387 481 laverent
1397 444 1532 481 locant

212 548 215 552 ι
401 502 442 538 in
473 502 616 551 clypeo

104 563 184 598 246
245 558 312 609 (85
327 557 380 609 ss)
403 572 426 595 a
457 570 506 595 ex
539 558 678 607 o'pibus
710 559 872 595 summis
904 558 987 607 opis
1020 570 1139 607 egens
1172 557 1324 595 Hector
1354 563 1446 594 tuae

404 615 424 652 b
454 615 553 664 quid
584 621 718 664 petam
750 615 919 663 praesidi
951 621 1017 651 aut
1049 614 1233 663 exequar,
1265 614 1394 663 quove
1425 627 1533 652 nunc

455 672 602 709 auxilio
635 671 722 708 exili
753 672 820 708 aut
851 673 942 721 fuga
973 671 1071 708 freta
1102 671 1204 708 sim?

458 729 547 767 arce
588 735 626 766 et
665 730 761 766 urbe
803 729 896 765 orba
937 741 1044 766 sum:
1093 741 1173 777 quo
1215 728 1405 773 amidam,
1452 740 1532 778 quo

1268 786 1474 834 applicem,

466 843 530 880 cui
561 855 636 880 nec
681 855 773 880 arae
817 843 967 892 patriae
1012 843 1121 879 domi
1152 848 1266 887 stant,
1317 843 1464 879 fractae
1495 847 1533 878 et

1125 898 1311 937 disiectae
1336 900 1474 944 iacent,

456 958 550 994 fana
580 957 742 993 flamma
773 956 998 1005 deflagrata,
1040 957 1128 993 t‹:'›sti
1149 957 1215 993 alti
1236 962 1341 993 stant
1361 956 1532 1005 parietes
1554 972 1568 997 5

457 1014 668 1051 deformati
699 1020 818 1062 atque
851 1010 980 1050 abiete
1001 1014 1127 1062 crispa

406 1085 423 1107 c
456 1084 480 1107 o
511 1071 634 1120 pater,
667 1082 691 1108 0
713 1071 858 1119 patria:
892 1082 916 1107 o
940 1070 1085 1106 Priami
1108 1071 1262 1114 domus,

454 1134 637 1177 saeptum
669 1128 838 1164 altisono
870 1127 1033 1164 cardine
1058 1127 1260 1175 templum,

453 1185 532 1222 vidi
564 1184 637 1234 ego
667 1191 706 1221 te
736 1185 961 1221 adstantem
993 1196 1070 1232 ope
1096 1184 1301 1220 barbarica

453 1241 566 1279 tectis
598 1242 755 1278 caelatis
785 1241 979 1290 laqueatis

453 1311 550 1336 auro
587 1298 707 1335 ebore
737 1298 967 1335 instructam
999 1297 1153 1347 regifice
1555 1313 1569 1339 5

407 1356 435 1392 d
450 1356 550 1392 haec
582 1355 714 1392 omnia
745 1355 823 1391 vidi
854 1355 1102 1399 inflammari,

454 1413 608 1449 Priamo
641 1413 677 1448 vi
708 1413 827 1448 vitam
865 1411 1012 1456 evitari,

456 1470 562 1506 Iovis
593 1469 702 1506 aram
734 1469 925 1518 sanguine
956 1469 1102 1518 turpari

108 1529 187 1565 247
222 1525 366 1577 (loos)
408 1526 500 1571 vidi,
533 1527 667 1563 videre
698 1526 807 1575 quod
838 1538 903 1563 me
933 1538 1050 1574 passa
1080 1524 1320 1574 aegerrume,

408 1583 627 1620 Hect6rem
658 1596 772 1620 curru
804 1583 1039 1631 quadriiugo
1074 1582 1264 1630 raptarier

109 1644 188 1679 248
222 1639 338 1691 (102)
408 1639 568 1689 quantis
599 1653 689 1677 cum
720 1640 919 1676 aerumnis
950 1639 1059 1675 illum
1091 1638 1297 1676 exanclavi
1327 1639 1455 1675 diem!

109 1700 190 1736 249
223 1695 340 1748 (103)
410 1696 509 1746 quid
525 1697 597 1734 fit?
630 1697 768 1734 seditio
781 1697 943 1733 tabetne
955 1708 1006 1733 an
1019 1696 1403 1745 numerosaugificat
1415 1696 1536 1732 suos?

107 1864 174 1892 242
198 1855 302 1886 Macr.
331 1860 392 1886 sat.
411 1853 441 1893 6,
462 1862 491 1896 5,
516 1863 556 1885 10
593 1853 910 1894 (Andromacha
941 1853 1259 1884 Aechmalotos
1292 1854 1335 1884 ad
1367 1853 1539 1895 Euripidis

108 1900 255 1932 fabulam
280 1901 420 1932 fortasse
444 1901 687 1941 cognominem,
717 1910 816 1941 quam
841 1900 1007 1940 cognitam
1032 1909 1099 1930 non
1122 1898 1296 1938 habemus)
1344 1902 1438 1940 capit
1460 1909 1491 1929 v.
1518 1898 1538 1930 1.

108 1946 176 1977 scil.
201 1950 324 1978 ventus
424 1955 491 1983 243
515 1946 608 1977 Non.
629 1944 728 1986 l402.
747 1943 832 1986 2515
888 1953 899 1975 1
927 1957 947 1976 a
971 1947 1066 1976 domo
1091 1943 1206 1975 Νοι1.2
1253 1953 1320 1981 244
1344 1945 1441 1975 Varr.
1459 1943 1538 1985 ling.

112 1999 163 2030 10,
184 1998 226 2031 70
266 1993 424 2024 flecteris
466 2003 483 2022 e
502 1992 530 2022 ci
547 1990 684 2022 Lachm.
724 1992 771 2022 H.
790 2003 822 2021 n.
841 1992 872 2021 d.
892 2002 1002 2022 moero
1020 1993 1183 2021 iactarier
1199 1990 1283 2021 Scal.
1324 1990 1381 2031 qui
1399 1990 1541 2021 subiecit

108 2036 170 2078 frg.
190 2036 231 2067 28
249 2041 282 2068 et
305 2036 468 2078 intellegit
493 2039 618 2074 iubent,
633 2037 808 2078 flagitant
891 2045 957 2073 245
981 2036 1073 2066 Non.
1095 2043 1159 2076 504
1206 2041 1304 2077 cypeo
1331 2037 1430 2077 (cip)
1456 2035 1538 2066 trad.

109 2081 177 2113 scil.
202 2084 342 2114 Hecuba
365 2087 399 2113 et
422 2084 632 2124 Astyanacta
755 2084 823 2118 246
846 2080 937 2112 Cic.l
958 2082 1057 2112 Tusc.
1075 2089 1106 2121 3,
1125 2090 1168 2121 44
1182 2091 1196 2112 s
1245 2083 1263 2112 ὂ
1281 2090 1293 2111 1
1322 2096 1364 2107 =
1390 2079 1482 2113 Cic.2
1499 2080 1541 2112 de

109 2132 190 2159 orat.
215 2135 247 2168 3,
277 2127 337 2168 183
365 2128 417 2167 (cf.
443 2136 474 2168 3,
504 2129 576 2167 102)
637 2129 685 2167 b3
724 2127 765 2158 cf.
797 2125 890 2158 Cic.⁸
919 2132 1000 2157 orat.
1019 2134 1060 2167 93
1131 2135 1175 2157 c1
1206 2141 1248 2152 =
1275 2125 1367 2158 (ἶίε.4
1391 2127 1433 2157 de
1458 2131 1539 2158 orat.

111 2180 142 2212 3,
173 2181 245 2203 102.
274 2179 336 2212 217
373 2173 425 2212 (cf.
443 2173 529 2204 Sest.
553 2181 611 2203 121
640 2173 731 2204 Serv.
749 2174 836 2203 Aen.
859 2181 888 2209 2,
908 2174 983 2212 241)
1038 2184 1055 2203 c
1074 2180 1119 2212 3⁵
1144 2186 1186 2198 Ξ
1212 2171 1305 2204 Cic.⁵
1329 2173 1427 2203 Tusc.
1451 2181 1479 2210 1,
1498 2171 1537 2212 85

110 2218 152 2249 cf.
171 2218 262 2250 Serv.
280 2223 365 2249 auct.
382 2220 470 2249 Aen.
495 2227 522 2255 Ι,
542 2219 605 2257 726
652 2220 677 2248 d
691 2233 734 2244 =
752 2217 819 2249 Cic.
833 2215 846 2233 ‘³
869 2218 967 2248 Tusc.
990 2226 1017 2255 1,
1037 2217 1076 2258 85
1120 2219 1145 2248 d
1160 2226 1172 2247 1
1190 2228 1204 2248 s
1222 2232 1264 2244 =
1283 2217 1350 2249 Cic.
1364 2215 1375 2234 '¹
1399 2218 1440 2248 de
1458 2222 1540 2248 orat.

111 2272 141 2304 3,
163 2270 225 2302 217
253 2264 295 2295 cf.
315 2263 401 2294 Sest.
420 2272 478 2294 121
507 2265 605 2294 Tusc.
625 2271 656 2303 3,
676 2270 714 2304 53
741 2263 950 2303 d3=Non.
974 2262 1032 2293 181
1061 2265 1079 2293 b
1095 2263 1136 2294 cf.
1155 2260 1270 2307 Ἀνδρ.
1285 2270 1347 2303 397
1360 2273 1392 2294 ss
1408 2263 1541 2293 Andro-

109 2308 246 2340 machae
277 2319 390 2350 preces
437 2321 458 2340 a
482 2309 637 2349 intellege
661 2321 738 2340 voco
764 2313 793 2339 te
818 2309 887 2348 (V.)
936 2311 954 2340 b
970 2316 986 2338 2
1001 2310 1118 2351 fugae
1141 2309 1283 2350 Bentley
1332 2316 1349 2348 3
1375 2320 1486 2339 arcem
1510 2312 1544 2338 et

111 2357 229 2386 urbem
245 2357 344 2386 orbas
361 2353 429 2385 Cic.
442 2352 454 2371 3
490 2356 642 2386 accedam
661 2354 743 2385 trad.
781 2354 850 2385 scil.
869 2356 916 2385 ad
925 2365 1041 2396 genua
1076 2356 1095 2385 b
1109 2361 1125 2394 5
1145 2356 1211 2385 alz'z'
1225 2354 1307 2385 trad.
1343 2366 1360 2385 c
1372 2362 1389 2394 3
1408 2358 1543 2385 astante

111 2399 205 2432 Cic.⁵
242 2405 273 2431 te
295 2399 363 2431 scil.
388 2401 530 2430 Priami
549 2402 687 2431 domum
711 2404 857 2431 stantem
899 2409 949 2440 c4
975 2401 1120 2430 lacuatis
1144 2400 1235 2431 SerV.
1253 2405 1338 2430 auct.
1380 2411 1396 2430 c
1410 2407 1427 2440 5
1455 2401 1541 2442 regi-

112 2446 206 2480 ficem
239 2446 321 2476 trad.
380 2447 432 2475 d1
460 2447 554 2476 videt
585 2443 677 2476 Cic.⁷
747 2447 801 2475 d2
834 2448 874 2476 vi
902 2455 956 2476 om
990 2442 1083 2476 Cic.⁷
1116 2447 1263 2476 evitaret
1285 2442 1378 2476 Cic.⁷
1411 2444 1541 2485 (mutili)

111 2493 136 2522 d
146 2499 164 2531 3
182 2494 387 2534 sanguinem
406 2489 498 2521 Cic.l
569 2499 635 2527 247
660 2490 728 2521 Cic.
746 2491 845 2521 Tusc.
869 2499 896 2527 1,
920 2497 977 2531 105
1005 2491 1045 2521 cf.
1066 2491 1126 2531 frg.
1149 2497 1187 2530 25
1232 2492 1309 2521 vz'dz'
1321 2490 1388 2522 scil.
1407 2492 1542 2522 Andro-

112 2538 231 2568 macha
316 2538 383 2572 248
406 2536 498 2567 Non.
518 2544 581 2575 292
621 2539 744 2567 ennius
760 2537 985 2567 andromache
1001 2537 1089 2567 malo
1110 2538 1306 2577 torquantis
1332 2537 1443 2576 (-entz‡5
1459 2547 1489 2567 v.
1507 2536 1539 2575 l.)

113 2583 195 2613 trad.
220 2583 242 2613 i.
268 2592 295 2613 e.
321 2579 373 2613 εΕ.
399 2582 440 2612 Α.
466 2582 672 2612 aeclzmaloto
697 2579 847 2623 quantz's'
898 2579 1064 2623 <perpessa
1089 2579 1178 2612 sum’
1202 2581 1270 2613 scil.
1300 2583 1543 2613 Andromacha

113 2636 181 2666 ²49
202 2628 295 2659 Non.
315 2625 357 2667 76
406 2629 546 2664 tabesne,
572 2638 737 2658 numerus
763 2627 844 2659 trad.

1292 2684 1338 2723 3*
