1747 2865
235 105 286 140 26
855 108 889 136 Q.
910 107 1048 130 ENNJvs

238 221 315 254 115
350 214 464 265 (314)
535 210 633 251 “sed
675 215 771 263 quid
812 227 886 264 ego
926 215 1027 251 haec
1067 216 1275 252 memoro?
1317 217 1468 253 dictum
1499 217 1666 253 factum-

1291 284 1371 321 que
1400 273 1493 310 facit
1522 274 1610 310 frux

237 333 316 367 116
349 330 360 378 (
367 339 446 377 319
460 327 493 378 s)
534 334 678 365 rastros
710 329 966 365 dentefabres
997 329 1122 378 capsit
1152 341 1272 366 causa
1301 330 1478 378 poliendi

535 396 615 433 agri

237 448 312 481 117
349 446 441 492 (321
460 441 493 492 s)
536 441 723 491 Cyclopis
756 447 901 479 venter
921 442 1028 479 velut
1058 443 1152 480 olim
1182 448 1351 480 turserat
1385 443 1463 480 alte

535 499 718 536 carnibus
750 499 934 536 humanis
965 499 1158 537 distentus

235 561 312 595 118
346 558 357 605 (
362 555 443 604 326
458 555 491 606 s)
532 556 676 601 insece,
710 556 838 601 Musa,
870 568 993 592 manu
1025 556 1301 594 Romanorum
1330 557 1589 606 induperator

535 614 645 661 quod
687 614 856 662 quisque
886 613 925 649 in
956 603 1061 650 bello
1091 614 1210 662 gessit
1239 626 1331 650 cum
1361 626 1452 664 rege
1484 614 1667 663 Philippo

236 674 313 708 119
348 669 463 720 (329)
534 669 703 707 Graecia
735 670 909 719 Sulpicio
940 671 1035 707 sorti
1066 671 1171 716 data,
1202 670 1332 708 Gallia
1363 671 1508 708 Cottae

234 730 314 765 120
348 726 462 777 (331)
535 727 689 776 egregie
721 728 908 764 cordatus
939 727 1062 764 homo
1093 736 1204 764 catus
1236 728 1371 765 Aelius
1402 728 1542 765 Sextus

234 787 311 822 121
347 787 384 832 (3
393 795 441 831 32
458 782 491 834 s)
533 784 714 833 insignita
745 785 827 821 fere
858 790 941 820 tum
972 784 1078 821 milia
1109 785 1274 821 militum
1305 791 1396 822 octo

533 842 644 877 duxit
675 841 850 878 delectos
881 841 1029 878 bellum
1059 842 1227 878 tolerare
1257 848 1439 890 potentes

236 901 314 936 122
347 905 384 946 (3
393 909 443 945 34
459 897 512 947 ss)
534 911 557 933 a
589 894 813 935 “sollicitari
843 904 883 935 te
914 898 1004 935 Tite
1034 899 1088 935 sic
1119 905 1338 948 noctesque
1369 899 1536 949 diesque

532 955 552 991 b
589 951 642 992 “o
674 955 763 992 Tite
803 955 833 992 si
867 956 961 1004 quid
994 967 1068 1004 ego
1098 956 1264 992 adiuero
1295 968 1482 994 curamve
1513 957 1668 993 levasso

579 1025 684 1061 quae
714 1024 821 1049 nunc
852 1018 891 1049 te
922 1013 1058 1061 coquit
1084 1019 1122 1049 et
1152 1019 1283 1050 versat
1312 1013 1352 1049 in
1381 1019 1543 1062 pectore
1578 1013 1668 1058 fixa,

581 1070 724 1118 ecquid
757 1070 829 1106 erit
859 1070 1039 1118 praemi?

532 1140 550 1162 c
585 1126 647 1163 ille
686 1127 742 1162 vir
783 1127 891 1163 haud
928 1138 1073 1175 magna
1104 1139 1195 1163 cum
1226 1140 1267 1164 re
1298 1127 1369 1164 sed
1400 1127 1541 1176 plenus
1572 1127 1666 1164 fidei

236 1187 315 1222 123
349 1182 387 1232 (3
393 1184 463 1233 39)
534 1184 626 1220 hinc
658 1184 752 1220 Nox
784 1184 977 1232 processit
1007 1183 1126 1220 stellis
1158 1184 1389 1221 ardentibus
1418 1190 1513 1233 apta

234 1244 312 1278 124
346 1240 441 1289 (543
457 1240 510 1290 ss)
533 1241 767 1289 aspectabat
797 1241 981 1277 virtutem
1013 1241 1175 1290 legionis
1205 1242 1291 1278 sual

533 1304 750 1346 expectans
781 1298 811 1334 si
843 1304 1037 1335 mussaret
1070 1295 1334 1349 [dubitaret],
1367 1310 1472 1347 quae
1493 1298 1667 1347 denique

1487 1367 1608 1392 causa

532 1412 737 1464 pugnandi
768 1412 880 1448 fieret
910 1418 978 1448 aut
1009 1412 1096 1448 duri
1128 1408 1248 1464 fflnis)
1279 1413 1424 1449 laboris

232 1472 309 1507 125
344 1468 458 1518 (348)
529 1469 637 1518 regni
668 1475 866 1506 versatum
897 1481 1094 1506 summam
1126 1481 1271 1506 venere
1302 1470 1529 1506 columnam

232 1529 310 1564 126
343 1530 459 1574 (352)
530 1532 568 1562 et
597 1526 710 1562 simul
748 1526 903 1563 erubuit
933 1538 1006 1563 ceu
1036 1526 1136 1563 lacte
1167 1532 1205 1563 et
1234 1539 1408 1575 purpura
1439 1527 1560 1564 mixta

232 1586 308 1621 127
345 1581 489 1632 (3585)
531 1594 636 1631 quae
666 1595 799 1632 neque
831 1583 1045 1620 Dardaniis
1077 1584 1228 1632 campis
1258 1590 1425 1632 potuere
1455 1583 1582 1632 perire

531 1652 605 1676 nec
646 1652 737 1676 cum
773 1647 889 1689 capta
919 1640 1007 1689 capi
1037 1653 1112 1677 nec
1143 1653 1233 1677 cum
1264 1641 1472 1678 combusta
1502 1641 1666 1678 cremari

232 1819 243 1838 1
255 1818 294 1846 15
314 1809 417 1840 Prisc.
438 1809 499 1840 GL
516 1811 550 1840 II
570 1809 633 1848 278
675 1810 877 1841 Hannibalis
897 1811 997 1842 verba
1013 1810 1066 1841 vel
1083 1811 1247 1852 Scipionis
1288 1808 1407 1853 ‘frugi
1420 1808 1528 1842 lzomo³
1601 1820 1613 1841 1
1625 1813 1666 1842 16

229 1855 319 1884 Non.
340 1854 383 1885 66
452 1860 567 1887 ratros
592 1866 621 1885 v.
648 1856 668 1885 l.
735 1856 803 1886 scil.
822 1860 1059 1898 unusquisque
1086 1858 1384 1899 Carthaginiensis
1402 1859 1498 1897 pactis·
1521 1858 1667 1898 cupidus

231 1910 242 1929 1
256 1909 295 1937 ¹7
322 1901 424 1931 Prisc.
446 1901 507 1932 GL
524 1902 559 1932 Π
577 1901 642 1942 486
687 1910 697 1931 1
730 1906 877 1933 terserat
899 1913 929 1932 v.
955 1902 975 1933 l.
1020 1904 1089 1933 alti
1111 1903 1192 1933 trad.
1289 1905 1353 1933 118
1378 1901 1462 1934 Gell.
1484 1901 1534 1939 18,
1553 1910 1584 1941 9,
1603 1910 1621 1942 3
1637 1902 1666 1932 ff

228 1945 355 1982 <liber
380 1947 429 1982 X)
496 1955 508 1976 1
537 1947 579 1977 de
615 1950 719 1978 insece
751 1954 784 1978 et
821 1951 959 1989 inseque
991 1948 1057 1988 egit
1091 1947 1176 1979 Gell.
1236 1947 1305 1978 scil.
1337 1949 1419 1979 bello
1451 1949 1664 1979 Macedonico

230 2001 295 2029 119
321 1992 402 2023 Isid.
417 1993 496 2033 orig.
515 2001 543 2030 Ι,
561 2000 614 2033 35,
633 2001 650 2033 3
691 1994 710 2022 i.
729 1995 767 2024 P.
790 1994 944 2034 Sulpicio
965 1995 1090 2026 Galbae
1110 1995 1144 2025 C.
1162 1995 1304 2025 Aurelio
1326 1995 1441 2026 Cottae
1457 2003 1485 2023 a.
1502 2004 1534 2024 u.
1553 2004 1580 2024 c.
1600 2000 1664 2034 554

230 2046 295 2068 120
308 2038 375 2068 Cic.
387 2048 453 2079 rep.
470 2047 496 2075 1,
510 2046 552 2077 30
577 2039 619 2069 de
632 2044 712 2069 orat.
728 2047 755 2075 1,
770 2038 832 2078 198
857 2039 955 2070 Tusc.
971 2048 998 2077 1,
1014 2039 1050 2070 18
1077 2039 1118 2069 cf.
1133 2039 1229 2070 Varr.
1240 2039 1317 2080 ling.
1330 2038 1414 2079 7,46
1448 2041 1525 2070 Sex.
1543 2041 1662 2070 Aelius

227 2084 352 2114 Paetus
369 2094 397 2114 a.
416 2094 448 2114 u.
467 2094 493 2114 c.
514 2082 578 2124 556
637 2093 695 2114 121
718 2085 822 2115 Prisc.
844 2084 905 2116 GL
923 2085 957 2115 Π
975 2093 1019 2125 3ο
1056 2093 1067 2115 1
1089 2087 1264 2127 insignata
1280 2096 1309 2116 v.
1328 2085 1347 2115 l.
1377 2083 1459 2127 (ad)
1479 2089 1550 2116 octo
1567 2085 1664 2115 Marx

229 2136 245 2157 2
271 2130 413 2160 dilectus
437 2140 467 2159 v.
494 2129 513 2159 l.
558 2129 626 2160 scil.
658 2131 694 2161 T.
723 2131 905 2170 Quinctius
925 2132 1148 2162 Flamininus
1198 2140 1261 2161 122
1287 2130 1354 2162 Cic.
1373 2130 1459 2162 Cato
1489 2139 1501 2160 1
1546 2132 1564 2161 b
1587 2138 1599 2160 1
1621 2144 1664 2156 Ξ

228 2174 316 2204 Don.
337 2175 411 2205 Ter.
429 2174 567 2206 Phorm.
588 2175 670 2216 prol.
690 2184 733 2216 34
773 2178 792 2207 b
821 2184 833 2206 1
860 2187 918 2218 ego
935 2176 968 2206 ll.
994 2182 1124 2217 praeter
1148 2177 1222 2207 Par.
1243 2177 1311 2217 (qui
1329 2181 1360 2207 te
1376 2175 1462 2216 exh.)
1488 2177 1662 2213 adiuvem,

227 2221 346 2250 adiuto
372 2222 414 2258 (te
438 2223 556 2252 adiuto
581 2221 682 2260 Don.)
709 2222 793 2252 trad.
842 2223 997 2253 levavero
1022 2232 1052 2252 v.
1071 2222 1090 2252 l.
1133 2230 1150 2262 3
1176 2227 1211 2253 et
1228 2224 1322 2263 quid,
1342 2225 1456 2263 pretii
1468 2232 1499 2252 v.
1517 2221 1537 2252 l.
1562 2221 1664 2251 verba

227 2272 304 2295 sunt
337 2267 444 2297 nuntii
476 2277 494 2297 a
528 2266 684 2307 Charopo
716 2267 930 2307 Epirotarum
962 2268 1109 2309 principe
1141 2267 1184 2298 ad
1216 2267 1444 2298 Flamininum
1476 2267 1569 2297 missi
1594 2266 1662 2305 (V.)

231 2320 294 2347 123
320 2312 423 2342 Macr.
443 2318 503 2342 sat.
525 2312 556 2349 6,
579 2321 605 2349 1,
625 2320 644 2351 9
718 2322 782 2348 124
801 2312 892 2343 Serv.
910 2319 997 2344 auct.
1022 2323 1132 2354 georg.
1151 2323 1182 2353 4,
1206 2313 1266 2344 188
1292 2313 1335 2344 ad
1352 2321 1416 2354 343
1431 2323 1446 2344 s
1478 2313 1519 2343 cf.
1537 2312 1664 2342 Nestor

228 2356 445 2388 Novariensis
471 2358 522 2388 ed.
546 2358 635 2389 Ven.
663 2368 691 2388 a.
722 2357 806 2398 1496
832 2369 863 2399 p.
883 2358 925 2389 68
979 2367 991 2389 1
1019 2361 1211 2400 aspectabat
1232 2358 1301 2389 scil.
1330 2361 1512 2399 Quinctius
1539 2359 1662 2399 Cynos-

225 2403 373 2441 cc‘plzalis
411 2406 506 2434 suai:
529 2415 610 2434 suae
634 2404 751 2434 Nest.:
775 2406 846 2434 sive
870 2404 961 2435 Serv.
981 2412 1066 2436 auct.
1111 2413 1128 2434 2
1146 2409 1339 2446 exspectans
1363 2405 1479 2435 Nest.:
1511 2407 1663 2444 spectans

227 2446 316 2477 Serv.
336 2454 421 2479 auct.
462 2452 689 2480 mussitarent
711 2450 809 2480 Nest.
849 2452 1025 2481 dubitaret
1047 2449 1111 2481 del.
1129 2450 1241 2490 Bergk
1286 2461 1424 2481 causam
1447 2449 1538 2480 Serv.
1555 2452 1660 2478 auct.:

221 2497 335 2532 pausa
353 2493 463 2534 Bergk
501 2503 518 2534 3
527 2495 618 2536 finis
637 2495 713 2526 add.
731 2494 843 2535 Bergk
879 2497 1007 2527 labores
1024 2496 1106 2526 trad.
1165 2505 1229 2533 125
1248 2496 1339 2526 Don.
1353 2496 1428 2526 Ter.
1442 2494 1578 2525 Phorm.
1596 2492 1658 2531 287

228 2548 347 2568 venere
379 2539 507 2580 Ilberg:
541 2552 620 2571 vero
645 2540 678 2571 ll.
738 2540 808 2571 scil.
833 2542 1052 2572 Illac-edoniae
1082 2543 1234 2572 Romani
1381 2542 1446 2571 ¹26
1469 2540 1561 2570 Non.
1594 2538 1658 2579 483

226 2586 291 2613 essi
313 2586 440 2615 mulier
463 2588 604 2616 erubuit
629 2586 711 2617 trad.
758 2597 837 2617 ceu:
859 2589 927 2618 ceci
946 2597 976 2617 v.
997 2586 1018 2617 Ι.
1067 2588 1151 2618 lacte
1173 2587 1298 2617 nomin.
1381 2594 1443 2622 127
1468 2585 1572 2616 Macr.
1598 2590 1659 2615 sat.

228 2627 259 2664 6,
282 2637 307 2665 Ι,
327 2627 370 2659 60
397 2629 523 2667 (liber
546 2631 622 2669 XI)
671 2643 757 2672 quae
781 2631 850 2662 scil.
876 2633 1047 2674 Pergama
