1747 2865
634 91 865 116 SATVRARVM
890 91 1063 114 xv—xvn
1487 99 1500 124 1
1511 98 1531 123 2
1544 99 1556 124 1

129 204 211 240 240
246 200 341 251 (522
357 200 411 251 ss)
1319 205 1358 236 et

428 258 469 294 hi
501 270 602 307 quos
633 258 791 294 divitiae
822 258 1049 307 producunt
1081 263 1120 294 et
1142 262 1270 306 caput
1300 262 1452 305 ungunt

428 315 675 352 horridulum

128 375 207 410 241
242 371 388 422 (5253)
947 371 1110 420 Lysippi
1143 371 1320 419 Iuppiter
1350 371 1425 407 ista

428 428 608 465 transibit
638 429 899 477 quadraginta
929 429 1062 465 cubita
1091 429 1191 465 altus
1222 427 1399 464 Tarento

127 489 208 524 242
242 484 408 535 (52733)
432 497 501 522 rex
532 485 656 523 Cotus
696 485 759 522 ille
800 486 881 526 duo
924 486 997 522 hos
1038 491 1188 529 ventos,
1229 490 1404 521 austrum
1440 490 1560 533 atque

1261 541 1503 590 aquilonem,

427 600 586 636 novisse
617 599 749 636 aiebat
781 600 897 644 solos,
930 596 1030 651 (sed)
1062 599 1240 648 demagis
1271 599 1367 635 istos

428 669 476 694 ex
506 657 644 693 nimbo
675 657 862 694 austellos
894 669 968 694 nec
999 668 1118 693 nosse
1148 668 1222 693 nec
1254 667 1341 693 esse
1371 662 1512 704 putare

125 716 207 752 243
241 712 357 763 (530)
428 713 639 762 publicitus
670 714 810 751 vendis
840 720 976 750 tamen
1008 720 1129 762 atque
1162 719 1339 750 extrema
1371 712 1520 761 ligurris

125 773 207 808 244
239 768 355 820 (531)
427 767 518 807 ‘hoc
548 770 655 807 aliud
687 771 802 819 longe
834 767 917 815 est’,
948 771 1087 819 inquit,
1119 770 1184 819 qui
1217 782 1316 818 cepe
1347 770 1502 806 serebat

125 830 206 865 245
240 825 385 877 (5323)
427 823 554 864 ‘fundi
586 828 758 864 delectat
789 828 910 865 virtus
941 834 990 872 te,
1022 828 1156 864 vilicus
1186 828 1307 876 paulo

425 885 622 921 strenuior
652 885 683 921 si
715 881 896 922 evaserit³

124 944 206 979 246
239 939 336 990 (534
350 939 405 991 33)
428 937 524 978 ‘ibat
553 942 655 978 forte
676 942 786 987 aries,
818 942 956 990 inquit,
987 942 1066 978 iam
1089 942 1200 990 quod
1220 941 1365 990 genus!
1404 941 1562 989 quantis

424 998 608 1035 testibus!
640 998 705 1034 vix
735 1011 817 1036 uno
848 999 915 1035 filo
946 999 1068 1035 hosce
1098 998 1262 1035 haerere
1292 1004 1465 1047 putares,

423 1055 607 1104 pellicula
638 1061 816 1092 extrema
847 1062 1036 1104 exaptum
1067 1056 1245 1104 pendere
1276 1066 1377 1091 onus
1408 1050 1559 1103 ingens³

123 1115 202 1150 247
238 1110 354 1161 (537)
425 1108 508 1149 ‘cur
565 1118 647 1149 tam
708 1112 899 1162 ignaviter
957 1113 1036 1150 hoc
1095 1112 1328 1161 praesertim
1377 1117 1562 1160 tempore

1303 1168 1458 1218 quaeris
1471 1164 1502 1205 ,³³

123 1229 204 1264 248
238 1224 383 1275 (5383)
425 1233 641 1276 nupturum
672 1234 711 1264 te
741 1233 868 1276 nupta
898 1239 1029 1276 negas,
1062 1227 1172 1275 quod
1204 1226 1335 1263 vivere
1366 1225 1511 1262 Vlixen

423 1295 558 1333 speras

123 1342 204 1379 249
238 1337 338 1389 (540
349 1338 402 1390 33)
425 1353 522 1377 num
553 1353 690 1379 censes
722 1342 1024 1390 calliplocamon
1055 1340 1323 1389 callisphyron
1353 1340 1473 1377 ullam

423 1410 506 1435 non
550 1398 699 1435 licitum
745 1410 831 1436 esse
876 1405 1031 1435 uterum
1077 1403 1198 1446 atque
1239 1397 1359 1434 etiam
1401 1397 1560 1446 inguina

1112 1461 1274 1503 tangere
1305 1454 1501 1499 mammis,

421 1524 670 1561 conpernem
691 1518 759 1549 aut
781 1524 915 1549 varam
937 1513 1055 1549 fuisse
1077 1511 1380 1560 Amphitryonis
1401 1511 1557 1548 acoetin

422 1569 680 1615 Alcmenam,
726 1576 848 1619 atque
889 1570 996 1614 alias,
1038 1566 1271 1620 <He>lenam
1316 1569 1444 1617 ipsam
1486 1569 1556 1604 de-

1192 1626 1312 1674 nique
1330 1648 1383 1652 —
1404 1626 1499 1662 nolo

421 1683 572 1720 dicere:
595 1690 679 1721 tute
698 1684 790 1720 vide
811 1690 931 1733 atque
948 1683 1172 1732 disyllabon
1194 1683 1293 1731 elige
1310 1682 1480 1731 quodvis
1496 1704 1549 1708 —
1570 1700 1593 1725 5-

422 1736 602 1794 (κοί)>ρην
634 1741 901 1790 eupatereiam
932 1741 1106 1788 aliquam
1140 1753 1223 1777 rem
1254 1739 1447 1788 insignem
1483 1740 1553 1775 ha-

1355 1797 1498 1840 buisse,

421 1866 636 1899 verrucam,
677 1866 861 1899 naevum,
903 1861 1105 1903 punctum,
1143 1855 1305 1891 dentem
1338 1853 1554 1890 eminulum

1338 1923 1463 1946 unum
1482 1918 1496 1946 θ

119 2078 187 2106 240
210 2070 301 2100 Non.
321 2079 386 2111 422
440 2079 451 2100 1
470 2081 484 2101 s
509 2075 542 2101 et
564 2072 621 2102 hi.-
644 2074 698 2108 ets,
723 2074 787 2102 etit
810 2072 893 2101 trad.
941 2070 1021 2109 τοὺς
1053 2069 1282 2108 νεοπλούτους
1314 2070 1474 2110 intellegit
1498 2071 1557 2101 Ma

118 2124 180 2151 241
209 2115 300 2145 Non.
324 2124 383 2146 201
451 2124 464 2146 Ι
494 2119 577 2147 ista:
601 2119 686 2147 istac
709 2116 866 2147 Lachm.:
897 2117 964 2148 scil.
992 2118 1291 2158 navz'petgrrandi
1345 2124 1361 2145 2
1390 2119 1558 2147 transivit

120 2160 201 2190 trad.
352 2170 419 2198 242
443 2162 535 2192 Non.
564 2161 605 2202 98
670 2170 681 2191 1
712 2159 785 2192 ‘rex
825 2160 935 2204 Cotys’
969 2162 1103 2203 quidam
1140 2160 1300 2192 Thraciae
1355 2164 1439 2192 duos
1473 2162 1555 2192 trad.

120 2213 136 2235 2
164 2208 343 2237 novissime
368 2207 450 2237 trad.
493 2209 603 2238 alebat
619 2208 648 2237 L
687 2209 772 2238 solos
799 2207 882 2250 (se),
912 2207 981 2250 (δί’)
1008 2209 1102 2244 solos,
1127 2209 1212 2238 solos
1234 2206 1328 2248 (hos)
1349 2207 1405 2237 alii
1447 2204 1557 2238 ‘valde

119 2248 240 2293 magis’
287 2259 305 2291 3
331 2263 415 2283 esse:
438 2264 470 2283 es
494 2253 524 2283 L
613 2262 680 2289 243
703 2253 796 2283 Non.
818 2260 880 2294 513
922 2255 1041 2284 vendit
1065 2253 1147 2283 trad.
1189 2252 1360 2292 intellege:
1389 2257 1426 2283 tu
1447 2265 1556 2295 ganeo

117 2299 272 2327 auctione
285 2299 390 2339 sacta
412 2298 492 2336 (Ma)
541 2307 608 2335 244
631 2299 722 2329 Non.
744 2306 804 2328 201
855 2308 922 2336 245
946 2299 1048 2330 Prisc.
1070 2299 1130 2330 GL
1148 2299 1183 2328 II
1204 2298 1245 2329 88
1294 2307 1305 2328 1
1334 2300 1473 2329 dilectat
1489 2298 1555 2329 duo

118 2344 186 2379 246
209 2342 299 2372 Non.
321 2350 382 2383 235
426 2351 443 2373 2
469 2345 529 2375 hoc
543 2355 576 2375 se
594 2344 676 2374 trad.
725 2352 743 2384 3
771 2341 957 2376 ‘conexum'
982 2341 1218 2386 ζεοηὶίὲαΐτιηθ
1289 2353 1354 2380 247
1378 2344 1469 2374 Non.
1490 2351 1552 2384 513

117 2387 159 2418 cf.
179 2387 281 2419 Prisc.
297 2388 358 2419 GL
371 2389 425 2419 ΙΙΙ
445 2395 481 2427 71
546 2392 612 2426 248
629 2390 731 2420 Prisc.
751 2390 812 2420 GL
830 2390 865 2421 II
882 2397 946 2431 475
989 2390 1114 2428 (liber
1131 2389 1277 2427 XVII)
1322 2394 1468 2430 nuptam
1485 2400 1515 2420 v.
1534 2390 1555 2420 1.

118 2433 160 2463 de
184 2433 355 2475 Penelope
380 2434 433 2474 agi
457 2440 594 2475 apparet
667 2444 735 2473 249
758 2435 849 2466 Non.
870 2434 931 2476 ¹25
982 2444 1000 2475 3
1027 2450 1069 2461 z
1094 2436 1185 2466 Non.
1206 2432 1270 2465 '²26
1316 2443 1327 2464 1
1355 2446 1448 2466 nunc
1472 2436 1553 2466 trad.

115 2480 379 2520 caliplocamora
404 2477 594 2524 αλισφυρον
620 2478 836 2524 (δαλσφυρον)
863 2482 945 2512 trad.
992 2483 1089 2512 illam
1116 2482 1197 2512 trad.
1256 2489 1272 2511 2
1300 2485 1422 2522 atque:
1446 2492 1555 2522 aquae

117 2524 200 2554 trad.
257 2532 274 2564 3
302 2522 423 2567 ‘longis
446 2523 601 2566 pedibus'
649 2523 800 2558 ‘obtortis
818 2525 964 2568 plantz's’
1003 2527 1225 2568 amqfitrl'om‘s
1249 2526 1301 2557 vel
1326 2527 1553 2568 amfytreom's

117 2569 268 2608 (-tr0nis‚
286 2573 424 2609 ·trenz's)
445 2571 525 2602 trad.
566 2579 582 2612 5
603 2571 706 2602 veluti
721 2576 880 2610 scortum,
903 2573 1073 2604 moecham
1109 2571 1129 2603 6
1148 2583 1196 2617 ριν
1215 2573 1298 2603 trad.
1325 2583 1551 2616 ευπατερειαη

117 2615 201 2646 trad.
251 2623 267 2655 7
295 2628 448 2648 neunzcm
472 2617 501 2647 L
542 2622 737 2659 punctum:
759 2619 890 2649 dictum
915 2619 997 2648 trad.
1043 2620 1230 2649 emz'nalum
1256 2619 1284 2648 L
