1747 2865
167 92 219 140 48
776 96 810 124 Q.
835 95 973 118 ENNJvs

437 215 531 239 nam
562 202 630 251 qui
660 214 748 239 sese
779 202 952 239 frustrari
983 214 1102 251 quem
1132 203 1275 240 frustra
1305 204 1434 249 sentit,

436 259 504 307 qui
535 259 741 295 frustratur
769 259 800 295 is
831 259 974 295 frustra
1005 264 1074 304 est,
1105 259 1137 296 si
1166 271 1249 296 non
1279 260 1342 297 ille
1373 266 1431 297 est
1455 262 1595 298 frustra

164 321 245 356 382
277 315 364 367 (65)
434 316 576 352 subulo
607 316 814 364 quondam
846 315 1017 352 marinas
1047 315 1208 365 propter
1237 317 1393 354 astabat
1421 317 1556 367 plagas

164 377 246 413 383
278 372 364 421 (69)
434 372 547 409 simia
578 384 700 421 quam
730 372 863 409 similis
892 372 1131 421 turpissuma
1160 373 1287 410 bestia
1317 374 1431 411 nobis

164 433 244 470 384
277 430 363 477 (70)
434 435 631 477 quaerunt
661 429 701 465 in
732 429 862 477 scirpo
892 429 994 466 soliti
1025 431 1135 478 quod
1166 430 1298 467 dicere
1327 431 1482 467 nodum

163 491 244 526 385
305 487 341 534 (1
359 498 376 523 3
407 485 518 522 Varia
543 486 580 522 V.
596 486 625 534 2)
648 481 867 534 “quantam
879 492 1050 523 statuam
1062 487 1179 524 faciet
1194 487 1364 536 populus
1378 487 1594 533 Romanus,

437 549 629 591 quantam
661 543 889 579 columnam
921 555 1026 591 quae
1056 555 1117 580 res
1148 549 1235 580 tuas
1260 550 1391 593 gestas
1413 545 1596 593 loquatur

163 605 243 640 386
304 599 344 649 (4
359 601 392 647 3)
434 595 522 636 “vel
553 606 594 636 tu
626 600 793 636 dictator
822 600 882 636 vel
915 612 1109 648 equorum
1133 601 1392 649 equitumque
1413 602 1597 650 magister

434 662 520 693 esto
551 657 612 693 vel
644 657 782 693 consul

162 719 240 753 387
303 712 454 762 (933)-
477 734 505 749 o
535 714 708 750 mundus
745 713 842 750 caeli
873 719 1006 751 vastus
1037 713 1206 751 6611311111
1236 714 1389 751 silentio

434 766 472 807 et
504 771 716 819 Neptunus
761 766 902 807 saevus
942 771 1060 808 undis
1097 771 1243 820 asperis
1274 772 1442 820 pausam
1473 772 1594 817 dedit,

434 827 498 864 Sol
530 827 642 876 equis
672 826 744 863 iter
773 828 959 876 repressit
989 828 1142 877 ungulis
1172 828 1408 873 volantibus,

433 884 643 921 constitere
683 883 820 921 amnes
856 896 1064 933 perennes,
1101 885 1262 922 arbores
1302 885 1420 922 ventc'>
1452 891 1594 922 vacant

160 946 241 980 388
275 940 361 990 (14)
432 941 574 990 sparsis
605 941 726 978 hastis
756 941 882 990 longis
913 953 1076 990 campus
1107 942 1291 990 splendet
1323 948 1362 979 et
1391 942 1524 979 horret

160 1002 241 1037 389
274 1002 341 1046 (15
357 997 390 1046 3)
431 998 595 1046 aspicite
627 1010 651 1035 o
683 998 787 1035 cives
817 998 922 1035 senis
954 998 1059 1034 Enni
1089 999 1269 1047 imaginis
1299 999 1478 1036 formam.

494 1055 557 1092 hic
589 1061 761 1092 vestrum
792 1055 929 1104 panxit
959 1056 1133 1091 maxima
1162 1056 1266 1092 facta
1296 1061 1453 1104 patrum

162 1116 243 1151 390
276 1111 392 1161 (173)
434 1123 555 1149 nemo
586 1125 651 1149 me
681 1112 848 1148 lacrimis
879 1113 1041 1148 decoret
1070 1124 1146 1149 nec
1175 1113 1315 1149 funera
1346 1113 1442 1149 fletu

489 1169 595 1205 faxit.
628 1170 722 1205 cur?
755 1169 877 1205 volito
909 1169 1018 1206 vivos
1049 1181 1120 1218 per
1150 1180 1219 1206 ora
1250 1169 1375 1206 virum

161 1230 239 1265 391
274 1225 390 1274 (193)
432 1226 495 1262 hic
526 1232 584 1262 est
614 1226 676 1262 ille
706 1226 811 1270 situs,
843 1226 905 1262 cui
935 1238 1056 1263 nemo
1088 1226 1180 1263 civis
1209 1238 1342 1275 neque
1373 1226 1496 1264 hostis

488 1283 614 1331 quibit
644 1295 716 1331 pro
748 1283 860 1319 factis
891 1284 1059 1319 reddere
1091 1283 1176 1332 opis
1206 1283 1376 1331 pretium

160 1343 241 1379 392
276 1339 339 1389 (21
358 1338 411 1388 ss)
433 1351 457 1376 a
488 1340 570 1376 sole
602 1340 806 1376 exoriente
836 1352 955 1388 supra
986 1339 1158 1377 Maeotis
1189 1340 1356 1388 paludes

486 1409 606 1433 nemo
639 1403 698 1433 est
729 1397 796 1445 qui
827 1397 939 1434 factis
970 1397 1230 1445 aequiperare
1261 1403 1391 1445 queat.

430 1454 461 1490 si
483 1454 541 1490 fas
564 1454 669 1490 endo
691 1454 826 1502 plagas
848 1454 1062 1490 caelestum
1083 1454 1299 1491 ascendere
1320 1455 1505 1503 cuiquam
1522 1460 1590 1499 est,

487 1510 541 1546 mi
572 1510 643 1547 soli
675 1511 771 1547 caeli
801 1511 974 1547 maxima
1004 1517 1120 1560 porta
1149 1516 1260 1559 patet

160 1571 240 1606 393
273 1567 359 1616 (29)
429 1566 495 1603 ille
526 1567 626 1604 ictus
658 1567 757 1604 retro
790 1567 950 1604 reccidit
980 1567 1021 1603 in
1053 1566 1187 1604 natem
1218 1566 1384 1617 supinus

159 1628 239 1663 394
271 1624 407 1673 (3133)
429 1624 497 1660 ubi
534 1625 643 1661 videt
682 1623 851 1661 avenam
893 1625 1029 1661 lolium
1070 1620 1245 1661 crescere
1276 1625 1377 1661 inter
1406 1623 1588 1669 triticum,

428 1680 564 1730 selegit
594 1677 763 1718 secernit
793 1682 920 1718 aufert
931 1695 938 1729 3
971 1681 1111 1718 sedulo
1142 1682 1209 1718 ubi
1236 1693 1400 1730 operam
1423 1681 1588 1726 addidit,

428 1738 616 1786 queniam
648 1744 758 1775 tanto
789 1738 921 1775 studio
951 1739 1070 1775 seruit

158 1847 175 1878 3
201 1850 234 1869 se
252 1839 280 1869 ci
298 1840 343 1871 V.
372 1841 538 1881 frustras
560 1843 666 1870 sentz't
682 1840 733 1870 vel
747 1842 968 1882 srustassent
983 1842 1020 1870 id
1042 1840 1074 1870 ll.
1093 1845 1222 1880 praeter
1237 1840 1310 1870 Pet.
1327 1839 1417 1869 unde
1431 1841 1589 1878 frustras

158 1885 187 1921 (i.
211 1886 410 1925 frustrans)
435 1897 460 1916 s.
487 1886 650 1926 probabat
674 1886 737 1916 V.:
753 1888 922 1927 frustrat
944 1897 968 1917 s.
995 1886 1127 1916 Usener
1195 1889 1260 1922 382
1286 1886 1382 1916 Varr.
1399 1884 1477 1925 ling.
1497 1891 1526 1922 7,
1545 1891 1585 1924 35

156 1930 247 1960 Fest.
266 1938 332 1970 309
380 1928 521 1962 ‘tibicen'
561 1933 739 1962 adstrabat
763 1932 853 1962 Fest.
880 1931 952 1962 cod.
978 1943 1086 1972 aquas
1114 1931 1208 1961 Varr.
1333 1933 1399 1967 383
1425 1930 1493 1961 Cic.
1519 1935 1586 1960 nat.

156 1975 245 2006 deor.
270 1984 294 2013 1,
315 1983 354 2015 97
382 1977 422 2007 cf.
442 1976 511 2007 Ser.
530 1977 655 2008 Samm.
675 1976 741 2015 819
804 1980 871 2013 384
888 1978 979 2008 Fest.
998 1985 1064 2016 330
1090 1977 1181 2014 (Isid.
1196 1976 1276 2017 orig.
1300 1983 1348 2015 17,
1366 1984 1398 2016 9,
1416 1981 1469 2015 97)
1499 1977 1590 2016 quod

154 2023 250 2052 soliti
270 2022 349 2052 Isid.
456 2025 522 2059 385
547 2023 645 2053 Treb.
667 2022 784 2053 Claud.
805 2029 834 2061 7,
855 2029 869 2061 7
910 2022 1080 2063 (Scipio)
1116 2032 1230 2053 versus
1254 2022 1427 2052 restituere
1451 2026 1588 2051 conatur

156 2066 311 2097 Lachm.:
339 2079 443 2109 quam
470 2073 602 2098 tantam
626 2072 667 2099 st.
691 2073 820 2099 statuet
838 2074 875 2109 p.
895 2069 935 2099 R.
962 2079 1106 2109 quamve
1130 2080 1155 2099 c.
1182 2080 1213 2109 q.
1241 2072 1270 2098 te
1295 2078 1346 2098 res
1366 2071 1546 2109 gestusque
1563 2068 1585 2097 l.

156 2115 222 2148 386
246 2113 340 2143 Paul.
362 2114 453 2143 Fest.
480 2113 545 2153 369
647 2116 712 2150 387
737 2114 839 2144 Macr.
859 2121 920 2144 sat.
939 2112 969 2150 6,
993 2122 1021 2149 2,
1042 2112 1083 2143 26
1176 2116 1242 2150 388
1265 2114 1368 2143 Macr.
1387 2120 1446 2143 sat.
1468 2111 1498 2147 6,
1516 2121 1547 2152 4,
1566 2110 1586 2141 6

155 2157 209 2187 3111
240 2158 335 2188 aliter
365 2158 454 2189 hunc
486 2169 617 2189 versum
650 2159 898 2190 clementiorem
931 2159 1069 2189 reddere
1102 2159 1210 2190 conati
1234 2164 1311 2189 sunt
1426 2160 1493 2194 389
1517 2157 1584 2188 Cic.

156 2203 252 2233 Tusc.
276 2212 302 2240 1,
322 2212 365 2244 34
402 2204 690 2245 (epigramma)
741 2213 757 2234 2
779 2208 901 2245 pinxit
926 2205 1008 2235 trad.
1095 2213 1162 2242 390
1187 2202 1278 2235 CiC.l
1302 2204 1323 2234 l.
1349 2203 1370 2234 l.
1400 2206 1434 2240 4-
1466 2201 1584 2233 ‘²Tusc.

160 2257 186 2285 1,
209 2256 267 2287 117
297 2247 402 2280 “Cato
422 2256 460 2289 73
513 2258 530 2280 2
558 2262 663 2291 neque
687 2248 780 2281 Cio-‘³
861 2259 921 2288 39¹
953 2250 1020 2281 Cic.
1038 2249 1100 2290 leg.
1121 2258 1150 2286 2,
1170 2257 1209 2290 57
1238 2251 1299 2290 (—
1322 2251 1427 2289 situs)
1450 2252 1484 2285 -1-
1508 2249 1583 2279 Sen.

156 2295 249 2333 epist.
275 2296 345 2332 108,
363 2303 405 2335 32
456 2304 473 2325 2
500 2297 641 2337 quz'vult
663 2296 739 2326 Seu.
766 2295 815 2326 ll.:
854 2299 969 2337 quivit
985 2296 1137 2325 Muretus
1181 2301 1300 2336 operae
1320 2295 1353 2325 ll.
1426 2303 1491 2331 392
1516 2293 1583 2324 Cic.

156 2339 253 2369 Tusc.
276 2348 306 2380 5,
324 2349 367 2380 49
397 2345 430 2377 -ξ-
462 2342 490 2380 (3
507 2342 533 2380 3)
560 2341 637 2373 Sen.
656 2343 751 2382 epist.
775 2341 847 2378 108,
867 2349 908 2381 34
926 2342 1019 2372 Lact.
1040 2341 1116 2372 inst.
1139 2349 1166 2377 1,
1188 2340 1238 2377 18,
1261 2349 1295 2370 11
1351 2349 1362 2370 1
1392 2355 1434 2366 Ξ
1460 2340 1582 2378 Paneg.

156 2392 186 2423 3,
209 2385 246 2415 16
272 2396 302 2425 p.
328 2395 388 2427 114
411 2387 449 2417 B.
496 2395 508 2417 Ι
528 2393 636 2428 supra
654 2386 740 2417 Cic.:
767 2388 813 2417 ad
828 2398 933 2428 usque
949 2387 1072 2426 Paneg.
1115 2394 1132 2426 3
1152 2397 1205 2417 sas
1222 2386 1297 2418 Sen.
1318 2396 1348 2416 v.
1367 2385 1386 2416 l.
1409 2386 1582 2428 faciendo,

152 2431 210 2469 fas
228 2436 277 2461 esf
291 2433 332 2462 do
350 2433 442 2462 Lact.
462 2432 494 2462 ll.
520 2438 649 2473 praeter
665 2432 736 2462 Pal.
803 2441 869 2469 393
894 2433 956 2463 GL
974 2432 1026 2462 VI
1044 2430 1108 2471 613
1146 2432 1277 2471 (Sota,
1303 2431 1436 2462 Sotadis
1453 2439 1583 2460 cannen

155 2475 289 2515 aliquod
306 2477 407 2508 latine
426 2478 602 2517 redditum)
636 2479 756 2509 recsdit
768 2477 799 2508 ll.
917 2487 984 2515 394
1000 2477 1101 2508 Prisc.
1122 2477 1183 2508 GL
1196 2478 1231 2507 Π
1247 2484 1309 2518 532
1348 2474 1417 2520 (Πρ
1429 2486 1500 2519 οτρ
1512 2486 1526 2506 ε
1538 2486 1582 2506 π-

154 2520 276 2559 τικὸς
301 2523 351 2552 vel
377 2524 618 2564 Praecepta
654 2524 694 2554 cf.
714 2534 763 2554 ex.
783 2534 829 2563 gr.
856 2521 1106 2567 Προτρεπτικόν
1131 2522 1335 2561 Aristotelis)
1379 2530 1396 2551 2
1420 2521 1534 2562 selzgn't
1548 2519 1580 2550 11.

155 2572 283 2606 praeter
315 2568 412 2598 Bern.
460 2574 525 2600 aut
545 2571 629 2611 fert
662 2580 692 2599 v.
726 2569 745 2599 l.
804 2577 821 2608 3
848 2581 951 2610 quam
978 2568 1028 2598 11.:
1064 2579 1114 2599 em
1140 2569 1197 2605 V.‚
1230 2569 1286 2609 qui
1319 2566 1426 2608 suppl.
1460 2576 1509 2596 ex.
1534 2576 1580 2606 gr.

158 2610 313 2649 <messem
336 2618 488 2654 expectat
504 2614 727 2655 prosperam>
