1747 2865
196 122 247 159 66
544 124 690 147 ATILIVS
732 123 905 152 AQVILIVS
949 123 1108 146 LICINIVS
1132 123 1275 147 IMBREX

374 229 510 268 alacris
532 227 693 268 obviam
714 231 809 267 mihi
831 231 964 268 veniet
984 226 1238 279 complexum
1261 227 1456 279 exoptans
1477 244 1624 276 meum,

373 285 470 324 mihi
501 300 544 324 se
574 288 716 324 dedet:
744 283 964 324 Fortunam
995 287 1121 336 ipsam
1150 283 1313 324 anteibo
1335 284 1503 326 fortunis
1524 290 1624 326 meis

195 350 217 384 2
252 344 310 396 (6)
373 344 445 394 e'go
477 345 722 393 voluptatem
754 341 874 380 animi
904 344 1068 381 nimiam
1099 340 1301 381 summum
1333 356 1419 382 esse
1450 357 1624 383 errorem

1407 398 1572 439 arbitror

689 537 911 574 ATILIVS
943 547 1133 574 comcvs

198 625 217 657 1
252 617 288 668 (Ι
324 618 434 655 Ribb.
467 617 571 669 com.)
605 631 718 656 suam
750 614 929 668 quoique
962 630 1163 668 sponsam,
1196 615 1294 655 mihi
1325 631 1477 655 meam:
1509 631 1626 656 suum

881 672 1060 725 quoique
1090 687 1279 720 amorem,
1310 672 1407 712 mihi
1438 688 1572 713 meum

674 811 940 859 AQVILIVS
971 822 1162 848 comCVS

198 897 218 930 1
253 890 339 941 (Iss
378 890 489 928 Rz'bb.
521 890 626 941 com.)
669 897 711 927 ut
750 887 859 927 illum
900 891 940 927 di
979 892 1171 940 perdant,
1211 887 1362 940 primus
1403 892 1471 941 qui
1510 891 1628 929 horas

1388 945 1573 997 repperit,

389 1005 539 1054 quique
570 1001 673 1042 adeo
706 1005 854 1054 primus
885 1001 1020 1042 statuit
1049 1005 1113 1041 hic
1144 1001 1356 1042 solarium!

389 1062 455 1111 qui
486 1058 585 1098 mihi
616 1062 849 1099 comminuit
880 1058 1027 1099 misero
1058 1058 1293 1098 articulatim
1324 1062 1440 1099 diem.

388 1131 482 1155 nam
515 1114 668 1171 (unum)
701 1132 765 1156 me
796 1131 921 1167 puero
952 1115 1090 1155 venter
1122 1124 1205 1156 erat
1235 1115 1421 1155 solarium

390 1176 513 1212 multo
546 1172 726 1213 omnium
757 1177 922 1213 istorum
955 1171 1151 1225 optimum
1183 1181 1222 1213 et
1252 1172 1521 1213 verissimum:

387 1229 517 1270 ubivis
549 1234 741 1270 monebat
773 1229 869 1277 esse,
900 1233 974 1270 nisi
1006 1245 1130 1281 quom
1161 1229 1217 1269 nil
1249 1239 1341 1269 erat.

387 1302 495 1327 nunc
527 1286 646 1326 etiam
679 1303 802 1339 quom
834 1296 903 1334 est,
934 1301 1018 1327 non
1050 1286 1165 1334 estur,
1196 1290 1271 1327 nisi
1302 1285 1376 1327 soli
1406 1290 1525 1326 lubet.

388 1347 524 1396 itaque
557 1343 660 1384 adeo
691 1348 769 1384 iam
802 1347 1009 1396 oppletum
1042 1343 1276 1395 oppidumst
1304 1343 1465 1390 solariis

389 1400 515 1441 maior
545 1416 635 1452 pars
666 1404 804 1453 populi
836 1400 944 1456 (iam)
976 1400 1074 1440 aridi
1104 1400 1264 1452 reptant
1294 1404 1401 1441 farne

198 1464 221 1498 2
254 1459 340 1511 (10)
387 1462 453 1498 ubi
485 1457 660 1509 primum
691 1473 881 1498 accensus
912 1457 1101 1498 clamarat
1132 1457 1342 1498 mendiem

560 1596 807 1634 LICINIVS
839 1596 1059 1634 IMBREX
1090 1606 1278 1633 COMICVS

200 1683 221 1716 1
255 1676 291 1727 (Ι
309 1690 326 1715 s
366 1677 476 1714 Ribb.
499 1676 603 1727 com.)
627 1678 722 1714 nolo
745 1673 819 1726 ego
843 1677 1045 1714 Neaeram
1066 1672 1106 1712 te
1128 1681 1282 1720 vocent,
1309 1676 1378 1712 sed
1404 1671 1634 1719 Nerienem,

362 1747 451 1771 cum
484 1731 648 1783 quidem
681 1734 855 1771 Mavorti
886 1746 927 1771 es
960 1730 1002 1770 in
1033 1728 1249 1770 conubium
1281 1733 1374 1769 data

652 1870 958 1907 IVVENTIVS
989 1880 1179 1907 COMICVS

200 1957 220 1990 1
255 1951 291 2001 (Ι
327 1951 436 1988 Κίόῖ).
469 1949 573 2000 com.)
608 1946 718 1999 quod
752 1956 878 1999 potes,
910 1950 978 1986 sile
1000 1945 1085 1986 cela
1106 1949 1259 1986 occulta
1281 1944 1369 1997 tege
1391 1955 1477 1985 tace
1499 1945 1632 1985 mussa

1460 2017 1577 2042 mane

197 2107 217 2128 2
243 2098 312 2129 Cic.
338 2098 433 2139 epist.
459 2097 512 2136 19,
531 2106 551 2136 9
575 2100 610 2133 -4-
633 2097 730 2127 Tusc.
750 2106 781 2137 4,
801 2104 840 2136 35
875 2097 916 2127 cf.
937 2096 996 2126 fin.
1025 2104 1053 2133 2,
1076 2103 1114 2135 13
1155 2096 1249 2136 epist.
1278 2093 1330 2133 ²9,
1346 2103 1381 2125 21
1435 2097 1634 2126 arbitratur

198 2143 284 2174 Cic.:
311 2146 467 2174 arbz‘tror
490 2143 650 2184 Bentley:
676 2143 785 2183 possis
806 2146 951 2173 autumo

200 2198 212 2219 1
242 2189 310 2220 Cic.
336 2191 409 2220 Att.
433 2198 483 2229 14,
503 2197 554 2226 20,
573 2196 590 2228 3
642 2187 806 2225 (fabula
830 2188 950 2218 incer
962 2189 1013 2226 ta)
1058 2198 1191 2228 quoque
1214 2187 1264 2217 bis
1281 2185 1392 2216 Med.:
1419 2189 1542 2227 cuique
1558 2185 1633 2216 edd.

200 2244 212 2264 ι
236 2234 320 2266 Gell.
339 2243 371 2274 3,
390 2242 421 2274 3,
441 2242 457 2275 5
495 2234 537 2265 cf.
556 2236 670 2264 Amm.
691 2241 743 2273 23,
761 2232 792 2270 6,
811 2240 863 2272 77.
901 2241 951 2272 19,
970 2233 1002 2266 8,
1020 2232 1039 2263 8
1072 2232 1270 2269 (Boeotia
1306 2232 1346 2262 cf.
1368 2229 1520 2264 Βοιωτία
1536 2231 1635 2261 Anti-

197 2279 315 2320 phanis
351 2279 533 2321 Theophili
569 2279 759 2309 Menandril
793 2279 955 2319 parasitus
992 2278 1139 2319 loquitur
1186 2287 1206 2318 4
1240 2277 1315 2307 add.
1351 2278 1473 2307 Hertz:
1510 2275 1630 2319 (olim)

198 2325 334 2356 Ritschl
364 2327 516 2366 puerulo
535 2324 677 2363 Bentley
712 2329 805 2355 veter
822 2324 854 2355 ll.
872 2330 941 2365 opt.
979 2323 998 2354 6
1032 2326 1094 2355 ubz'
1123 2326 1182 2354 iste
1207 2322 1258 2354 ll.:
1292 2325 1403 2354 ubz'vz's
1428 2322 1550 2353 Ribb.:
1576 2324 1634 2352 ubz

199 2374 226 2402 225
250 2376 290 2409 te,
315 2373 378 2402 ubi
398 2373 467 2408 ubi,
493 2374 589 2408 iuste,
615 2381 722 2411 usque
739 2372 767 2400 is
782 2369 837 2400 alii
871 2381 953 2400 esses
971 2370 1044 2400 Leo
1077 2381 1155 2400 cum
1173 2370 1264 2399 nzlzz'l
1280 2369 1361 2399 trad.
1412 2374 1428 2406 7
1449 2379 1551 2409 quom
1568 2367 1633 2397 Bo-

199 2415 305 2447 thius:
340 2419 433 2458 quod
456 2416 489 2446 ll.
522 2421 652 2457 praeter
680 2416 778 2446 Rott.
805 2416 862 2456 qui
891 2417 978 2456 quid
1010 2419 1125 2446 estur:
1156 2418 1206 2445 est
1225 2413 1257 2444 11.
1306 2413 1325 2444 8
1343 2418 1393 2445 est
1407 2415 1569 2455 oppidum
1587 2412 1632 2449 ll.,

200 2462 290 2502 quod
314 2468 420 2492 servat
446 2462 573 2492 Hosius
598 2464 668 2492 iam
693 2460 803 2491 deleto
823 2461 874 2499 (cf.
899 2462 949 2500 ΙΙ)
999 2469 1019 2500 9
1036 2462 1167 2502 populi
1181 2460 1293 2501 pars?
1332 2461 1435 2490 arida
1459 2459 1566 2488 Hertz
1590 2458 1632 2488 ad

199 2508 314 2537 Amm.
386 2517 406 2538 2
432 2508 528 2538 Varr.
555 2507 632 2547 ling.
659 2505 690 2545 6,
717 2505 760 2546 89

202 2561 215 2581 ι
246 2551 330 2583 Gell.
367 2561 417 2592 13,
446 2561 497 2592 23,
528 2552 567 2583 16
602 2552 802 2591 (Neaera)
879 2560 891 2581 1
928 2563 1081 2582 neaerem
1115 2556 1191 2591 (-re‚
1219 2553 1289 2589 ψει)
1322 2561 1352 2580 v.
1370 2549 1391 2579 l.
1441 2557 1458 2578 2
1484 2550 1634 2590 quando-

200 2599 335 2638 quidem
349 2597 475 2628 Bothe:
497 2601 659 2639 quoniam
677 2599 813 2639 quidem
829 2596 1026 2627 Fleckeisen
1059 2597 1140 2627 oder
1152 2598 1288 2638 quidem
1321 2597 1432 2626 marti
1446 2593 1479 2626 ll.
1503 2598 1554 2625 est
1565 2604 1594 2623 v.
1614 2593 1633 2624 l.

204 2651 216 2672 ι
245 2642 337 2673 Fest.
365 2642 428 2681 298
466 2644 506 2673 cf.
533 2643 626 2673 Paul.
645 2643 736 2673 Fest.
757 2651 820 2682 299
862 2642 1304 2682 (Anagnorizomene)
