1747 2865
533 133 715 156 IVVENTIV
717 134 733 156 S
781 133 857 156 SEX.
884 132 1076 155 TVRPILIVS
1474 126 1522 175 67

121 247 144 282 [Φ

179 242 217 293 (2
235 242 288 293 SS)
1176 234 1323 289 gasidia

313 312 384 337 sua
415 300 446 335 si
478 295 618 336 ‹Smnes
648 298 831 335 homines
863 292 1069 334 censerant
1100 309 1222 333 unum
1254 292 1296 332 in
1326 296 1468 339 locum,

313 352 449 393 tamen
480 368 571 392 mea
601 350 813 403 exsuperet
834 354 981 392 laetitia

474 549 588 586 SEX.
620 548 915 585 TVRPILIVS
947 558 1137 585 COMICVS

125 647 144 679 1
209 639 245 691 (1
262 653 280 678 s
324 640 434 676 Rz'bb.
457 638 561 690 com.)
595 636 763 677 Melesia
792 640 896 676 intus
919 635 1054 676 cessat.
1087 640 1208 676 credo
1230 639 1370 684 hercle,
1394 634 1526 675 helluo

335 693 608 734 tubi'ircinatur

339 766 431 791 eum
461 750 680 802 derepente
711 749 858 790 difficere
888 765 1054 790 uxorem
1085 748 1207 789 ai'idio

337 806 420 847 nc'm
451 822 527 860 ago
558 811 635 847 hoc
662 822 734 859 per
754 807 891 859 sz'igam
912 810 1039 858 pretio
1062 805 1314 854 cbnductam‚
1346 815 1388 846 ut
1410 805 1526 859 vulg&

1342 866 1472 903 solent

122 929 147 964 4
209 923 249 974 (9
262 923 295 975 s)
337 925 392 961 ita
423 920 501 962 est:
547 937 684 961 verum
726 924 822 960 haut
862 924 975 961 facile
1012 919 1071 960 est
1102 923 1235 960 venire
1265 923 1316 959 illi
1347 919 1415 960 {ibi
1454 924 1529 961 sita

1177 986 1236 1018 est
1266 976 1471 1029 sapientia.

335 1034 507 1087 spissum
550 1044 608 1075 est
648 1039 738 1075 iter:
783 1033 951 1086 adipisci
991 1038 1088 1074 haut
1123 1049 1284 1086 possem
1324 1033 1399 1074 nisi
1438 1050 1529 1074 cum

1138 1106 1282 1143 magna
1313 1090 1472 1131 miseria

181 1150 267 1203 (14)
339 1152 390 1189 ab
423 1148 534 1189 initio
566 1158 608 1188 ut
638 1164 699 1188 res
730 1148 781 1189 sit
809 1156 921 1201 gesta
952 1147 1086 1188 enoda
1117 1151 1213 1188 mihi

182 1210 249 1259 (15
264 1207 317 1259 ss)
340 1205 480 1246 timere
511 1210 650 1258 occepi
681 1215 720 1246 et
750 1205 951 1245 interdum
983 1204 1204 1245 oscitz'irier:

335 1262 493 1314 ineptus
525 1266 621 1315 quid
652 1266 748 1302 mihi
779 1261 922 1302 vellem
954 1277 1003 1302 ex
1033 1261 1244 1302 insolentia

339 1319 545 1360 nescibam

122 758 146 851 ww

208 809 221 861 Α

226 753 267 861 &v

124 1157 147 1248 ΦΨ

127 1385 146 1418 7
182 1378 247 1430 (21
264 1378 297 1430 s)
339 1377 510 1417 antehz'ic
540 1380 571 1417 si
601 1380 725 1417 flabat
756 1376 889 1428 &quilo
921 1385 990 1416 aut
1019 1384 1162 1424 auster,
1194 1375 1332 1428 inopia

337 1443 422 1473 tum
455 1433 538 1474 eret
567 1437 707 1485 piscati

125 1499 147 1533 8
183 1492 269 1544 (24)
339 1506 415 1531 nec
446 1490 551 1530 recte
582 1494 659 1531 dici
690 1489 788 1530 mihi
820 1505 923 1542 quae
953 1493 1033 1530 iam
1064 1494 1218 1530 dudum
1249 1489 1370 1530 afidio

125 1555 177 1590 Sa
203 1549 290 1601 (25)
343 1547 463 1588 etiaim
494 1563 559 1588 me
589 1551 735 1596 irrides,
767 1546 941 1599 pessime
971 1562 1017 1587 ac
1048 1546 1287 1588 sacerrime?

125 1612 149 1647 9
183 1606 270 1658 (28)
340 1608 464 1645 homo
495 1603 612 1645 {mica
643 1614 703 1645 est
732 1603 875 1644 nati'ira
904 1619 951 1644 ac
982 1604 1190 1658 singulz'iria

99 1668 149 1703 10
183 1663 253 1715 (29
266 1662 300 1715 s)
342 1664 434 1702 vide
465 1661 609 1701 mirum
640 1665 842 1714 ingenium
873 1676 920 1701 ac
952 1660 1202 1701 delenificam
1234 1660 1460 1701 mi'ilierem:

338 1717 560 1759 commerat
590 1722 796 1759 hominem
828 1717 997 1758 lz'tcrimis

99 1783 148 1817 11
183 1776 270 1828 (34)
340 1775 562 1827 numquizm
602 1779 718 1816 nimis
758 1791 927 1816 numero
973 1774 1220 1827 quemquam
1267 1778 1345 1814 vidi
1390 1774 1532 1822 fecere,

992 1848 1115 1884 quom
1146 1836 1252 1872 facto
1284 1831 1342 1872 est
1373 1847 1475 1883 opus

98 2025 118 2046 2
142 2017 240 2047 Varr.
264 2016 342 2058 ling.
368 2016 399 2055 6,
427 2024 469 2057 50
495 2016 654 2055 (fabula
679 2015 864 2058 ineerta)

101 2070 113 2091 ι
136 2062 229 2092 Non.
250 2068 312 2103 179
355 2061 651 2102 (Boethuntes>
693 2063 836 2093 melexia
855 2064 931 2100 (-ea)
952 2062 1034 2092 trad.
1071 2073 1174 2092 cessas
1190 2072 1219 2091 v.
1238 2061 1258 2091 l.
1318 2070 1338 2091 2
1355 2061 1447 2091 Non.
1469 2061 1532 2101 518

98 2118 134 2137 u.
160 2118 216 2138 au.
242 2109 273 2138 d.
300 2107 333 2139 ll.
381 2118 443 2149 pro
466 2106 619 2138 baccheis
644 2106 760 2138 habuit
785 2107 933 2146 Lindsay
1036 2116 1057 2144 3
1081 2108 1173 2137 Non.
1194 2115 1233 2146 23
1284 2103 1465 2148 ‘feminam
1490 2108 1537 2137 ad

100 2153 287 2183 lubidinem
311 2156 472 2184 virorum
498 2150 759 2195 indagatricem?
885 2162 908 2189 4
933 2154 1024 2183 Non.
1043 2161 1107 2192 392
1150 2152 1188 2191 (C
1201 2151 1455 2192 anephorus
1492 2152 1533 2183 cf.

99 2194 313 2243 Κανηφόρος
322 2198 569 2229 Anaxandridis
583 2204 616 2229 et
624 2198 812 2235 Menandri,
826 2199 917 2229 cuius
932 2199 1047 2238 fragm.
1061 2206 1122 2239 253
1135 2198 1182 2228 K.
1202 2195 1392 2241 ἀλογίστου
1405 2196 1534 2240 τρόπου

100 2241 267 2288 ἀτύχημα
285 2242 422 2288 φεύγειν
440 2242 527 2276 ἐστὶν
546 2241 607 2275 οὐκ
625 2241 843 2288 αὐθαίρετον)
889 2253 901 2274 1
915 2254 930 2274 s
954 2249 1017 2275 ant
1041 2244 1074 2274 ll.
1122 2252 1134 2274 1
1156 2245 1216 2274 illo
1236 2243 1368 2284 Lipsius
1386 2243 1535 2284 Lindsay

98 2291 133 2319 si
145 2292 193 2319 ita
211 2289 243 2320 ll.
269 2289 349 2319 boni
366 2290 552 2329 praeterB:
585 2292 693 2330 spissa
717 2289 785 2320 rell.
821 2297 837 2319 2
864 2292 1012 2330 adipisci
1024 2289 1057 2320 ll.
1089 2295 1186 2330 posse
1202 2288 1253 2319 ll.:
1275 2291 1383 2329 possis
1401 2289 1535 2328 Lipsius

100 2333 252 2373 Lindsay
309 2343 330 2372 5
346 2335 438 2365 Non.
457 2342 493 2375 15
529 2335 792 2373 <Demetrius
818 2335 860 2365 cf.
873 2335 1028 2365 Alexidis
1046 2333 1250 2380 Δημήτριος
1269 2332 1294 2378 ἢ
1314 2331 1535 2378 Φιλέταιρος)

99 2381 122 2410 6
146 2380 237 2410 Non.
256 2388 319 2420 322
374 2388 385 2410 Ι
413 2383 522 2420 occepi
541 2384 574 2410 et
597 2380 708 2421 Lips.:
735 2383 850 2421 occepi,
877 2383 1000 2421 occepit
1023 2380 1055 2411 ll.
1103 2389 1120 2409 2
1147 2381 1239 2421 quod
1262 2386 1295 2409 et
1320 2381 1536 2411 insolentiam

100 2436 131 2455 v.
151 2425 172 2455 l.
221 2433 239 2465 3
266 2428 448 2456 nesciebam
473 2425 554 2455 trad.
627 2435 646 2462 7
672 2426 762 2456 Non.
777 2425 842 2465 488
890 2435 901 2456 Ι
920 2427 1020 2468 fluat
1039 2437 1068 2455 v.
1088 2426 1108 2456 l.
1152 2434 1168 2455 2
1195 2430 1270 2455 tum
1287 2429 1375 2462 orat,
1402 2429 1536 2456 tzcmeor

100 2475 139 2501 at
162 2470 312 2512 plerique
348 2471 389 2501 cf.
407 2471 505 2501 Alex.
524 2471 583 2510 frg.
603 2470 646 2510 46
663 2471 710 2501 K.
736 2470 899 2515 πρότερον
925 2472 984 2516 μὲν
1011 2469 1041 2503 εἰ
1066 2469 1220 2502 πνεύσειε
1246 2469 1376 2514 βορρᾶς
1391 2468 1418 2516 ἢ
1439 2470 1536 2509 νότος

102 2514 135 2548 ἐν
167 2519 210 2560 τῇ
246 2514 427 2560 θαλάσσῃ,
461 2513 565 2559 ἰχθῦς
599 2513 660 2548 οὖν,
693 2515 732 2548 ἂν
765 2513 809 2563 ἦν
836 2514 945 2549 οὐδενὶ
971 2519 1092 2561 φαγεῖν
1116 2514 1187 2548 κτλ.
1304 2519 1326 2547 8
1350 2516 1443 2547 Fest.
1473 2515 1534 2547 162

102 2561 195 2592 Paul.
213 2562 305 2593 Fest.
328 2561 386 2601 163
430 2573 494 2603 que
519 2562 626 2592 Fest.:
653 2572 708 2592 om
726 2561 820 2593 Paul.
901 2565 950 2592 Sa
975 2563 1064 2593 Non.
1092 2568 1155 2601 397
1196 2563 1254 2592 sed
1278 2563 1351 2599 (set)
1378 2565 1449 2593 iam
1465 2573 1496 2593 v.
1514 2562 1535 2594 l.

103 2609 254 2638 irridens
278 2607 311 2638 11.
366 2616 389 2644 9
412 2608 503 2637 Non.
525 2615 585 2647 491
628 2607 669 2637 cf.
688 2607 785 2638 Alex.
805 2608 864 2648 frg.
883 2614 923 2648 45
946 2608 991 2638 K.
1019 2606 1223 2651 ὁμοιότατος
1249 2605 1437 2651 ἄνθρωπος
1455 2605 1535 2640 οἴνω

101 2651 164 2698 τὴν
191 2650 288 2696 φύσιν
311 2652 436 2710 τρόπον
459 2649 519 2684 τιν’
545 2651 632 2684 ἐστί·
657 2650 729 2684 κτλ.
837 2662 879 2683 ιο
902 2653 993 2683 Non.
1014 2652 1076 2691 278
1129 2661 1141 2683 1
1171 2653 1345 2695 delenfica
1369 2652 1402 2684 ll.
1497 2640 1531 2683 1⁵¹

102 2698 193 2728 Non.
211 2705 276 2739 352
335 2695 412 2729 cit0³
459 2710 562 2739 quam
588 2698 620 2729 ll.
658 2700 743 2741 fato
772 2698 853 2728 boni

1289 2756 1334 2796 5*
