1747 2865
800 102 830 125 L.
855 102 986 125 ACCIVS

444 222 527 247 non
557 205 682 258 genus
713 210 840 246 virum
871 215 995 255 ornat,
1025 206 1161 259 generi
1192 210 1248 246 vir
1277 207 1388 248 fortis
1418 212 1507 248 loco

444 267 497 303 ita
540 272 579 303 et
618 262 714 302 fletu
755 272 794 303 et
833 267 1005 304 tenebris
1038 263 1259 304 obstinatus
1290 263 1464 316 speciem
1494 269 1607 305 amisi

1392 320 1549 363 himinis

447 376 722 429 conspiciendi
752 376 975 417 insolentia-

443 437 568 473 multa
599 433 831 474 amittuntur
859 434 1018 474 tarditie
1049 443 1087 474 et
1117 433 1300 475 socordia

444 494 559 530 simul
588 489 727 530 aurem
757 495 935 539 attendo,
966 501 1009 530 ut
1039 490 1195 543 quirem
1227 495 1414 531 exaudire
1439 491 1607 544 amplius

442 547 616 600 benigne
647 557 686 587 et
716 562 788 600 pro
819 547 1020 588 beneficio
1051 551 1144 600 largi
1174 557 1295 600 atque
1326 548 1507 600 ampliter

444 608 498 644 ita
529 603 719 656 inperitus
751 603 982 657 stupiditate
1014 603 1183 657 erumpit
1213 620 1266 653 se,
1297 609 1412 657 inpos
1443 604 1581 646 consili

444 670 482 702 et
527 661 665 701 nonne
705 664 872 713 Argivos
913 661 1081 702 fremere
1121 666 1268 703 bellum
1310 672 1348 702 et
1388 661 1489 703 velle
1528 666 1609 702 vim

1223 718 1382 771 vulgum
1412 723 1550 759 videt?

175 782 226 817 84
278 777 356 826 289
369 777 422 828 ss)
454 779 524 815 sed
555 778 633 815 iam
664 762 980 828 Amphilochum
1012 780 1089 816 huc
1120 775 1267 816 vadere
1298 792 1429 823 cerno,
1461 785 1501 816 et

176 954 226 989 S)
260 947 375 999 (290)

175 1068 227 1102 86
260 1061 374 1113 (297)

175 1182 224 1216 87
261 1176 376 1226 (298)

176 1296 226 1330 88
261 1290 375 1340 (303)

176 1353 227 1387 89
261 1347 376 1398 (304)

175 1410 228 1444 90
261 1404 376 1455 (307)

176 1468 226 1501 91
262 1462 376 1512 (308)

176 1523 227 1558 92
261 1518 377 1570 (309)

176 1581 229 1616 93
262 1576 406 1627 (3103)

176 1694 229 1729 94
262 1689 356 1740 (312
372 1689 406 1741 s)

177 2036 226 2070 97
262 2031 376 2082 (317)

446 831 564 872 nobis
595 836 712 872 datur
742 837 851 872 bona
881 833 1007 885 pausa
1037 837 1229 885 loquendi

505 888 744 942 tempusque
774 892 814 929 in
846 899 972 930 castra
1002 889 1147 930 revorti

445 946 620 999 sapimus
651 950 797 994 animo,
827 945 992 986 fruimur
1020 950 1174 987 anima:
1206 946 1293 988 sine
1318 951 1454 987 animo
1475 951 1608 987 anima

1317 1013 1375 1044 est
1414 1003 1553 1044 debilis

445 1060 553 1112 apud
584 1064 858 1101 abundantem
880 1060 1086 1113 antiquam
1107 1076 1268 1101 amnem
1290 1070 1328 1101 et
1354 1061 1513 1118 rapidas
1533 1077 1607 1100 un-

1311 1122 1382 1158 das
1412 1120 1553 1158 Inachi

446 1173 554 1214 minc
594 1190 757 1227 pergam
797 1184 838 1214 ut
879 1174 1081 1227 suppliciis
1111 1178 1274 1227 placans
1305 1174 1490 1215 caelitum
1520 1191 1609 1216 aras

1369 1232 1553 1284 expleam

445 1292 565 1328 viden
595 1287 639 1328 ut
670 1298 709 1329 te
739 1292 908 1341 inpietas
939 1288 1116 1329 stimulat
1146 1304 1221 1329 nec
1247 1289 1429 1329 moderat
1450 1294 1608 1330 metus?

446 1361 518 1398 age
549 1361 622 1398 age
653 1346 828 1394 amolire,
859 1346 1009 1395 amitte,
1041 1361 1139 1386 cave
1169 1355 1319 1386 vestem
1352 1350 1511 1399 attigas!

447 1403 574 1442 Pallas
607 1406 791 1455 bicorpor
822 1403 1010 1456 anguium
1041 1403 1166 1456 spiras
1198 1407 1314 1443 trahit

446 1469 489 1499 ut
519 1458 638 1508 nunc,
669 1476 760 1500 cum
791 1465 988 1500 animatus
1020 1460 1113 1508 iero,
1145 1464 1238 1500 satis
1268 1460 1442 1500 armatus
1472 1476 1559 1500 sum

446 1520 560 1568 proin
592 1527 634 1556 tu
666 1516 707 1557 id
738 1521 799 1557 cui
830 1521 909 1566 fiat,
940 1517 1025 1557 non
1057 1521 1125 1569 qui
1155 1521 1276 1558 facias
1307 1517 1496 1569 compara

449 1573 517 1630 (at)
549 1573 689 1614 contra
721 1584 916 1626 quantum
947 1573 1132 1623 obfueris,
1164 1578 1195 1614 si
1226 1573 1351 1614 victus
1381 1578 1467 1623 sies,

448 1631 670 1679 considera,
703 1642 742 1672 et
773 1647 854 1683 quo
885 1631 1049 1672 revoces
1080 1647 1277 1672 summam
1310 1630 1467 1672 exerciti

449 1692 559 1740 quod
590 1687 622 1728 si
653 1693 844 1740 procedit,
875 1687 1008 1741 neque
1039 1698 1078 1728 te
1108 1704 1241 1741 neque
1272 1703 1517 1740 quemquam
1547 1688 1608 1728 zir-

1432 1748 1552 1785 bitror

449 1811 539 1842 tuae
570 1801 823 1854 paeniturum
854 1801 992 1850 laudis,
1025 1818 1147 1855 quam
1178 1811 1221 1842 ut
1251 1801 1383 1842 serves
1416 1805 1506 1842 vide
1554 1816 1560 1823 ·

446 1858 582 1910 probis
614 1863 803 1911 probatus
834 1859 966 1912 potius
998 1876 1119 1912 quam
1150 1859 1282 1899 multis
1313 1863 1439 1899 forem

448 1915 555 1956 mors
595 1920 710 1957 amici
750 1915 903 1969 subigit,
946 1921 1056 1969 quod
1100 1920 1153 1956 mi
1193 1926 1251 1957 est
1290 1915 1444 1956 senium
1484 1920 1609 1955 multo

1318 1972 1551 2013 acerrimum

446 2045 522 2069 nec
552 2029 780 2082 perdoliscit
810 2030 891 2083 fligi
917 2034 1056 2079 socios,
1087 2029 1215 2071 morte.
1236 2045 1398 2082 campos
1420 2029 1608 2082 contegi?

177 2131 218 2158 77
244 2123 335 2152 Non.
362 2122 427 2162 338
465 2124 568 2164 forts
590 2123 622 2153 ll.

165 2168 256 2208 *fletu
281 2168 357 2198 edd.
407 2176 424 2198 2
449 2171 653 2209 conspicient
676 2170 892 2200 insolentiam
917 2171 999 2209 fiio)
1017 2169 1049 2199 ll.

177 2215 324 2244 lardz‘tz'a
337 2213 369 2243 ll.
397 2214 436 2252 (-e
452 2214 544 2244 Non.
564 2214 688 2253 lemm.)

671 2121 806 2155 ‘decori'
924 2126 967 2160 78
992 2124 1083 2154 Non.
1110 2132 1174 2164 322
1228 2132 1240 2154 1
1269 2126 1318 2154 ita
1331 2124 1459 2199 8effletu
1484 2123 1534 2154 ll.:
1561 2125 1610 2153 ita

1129 2179 1174 2206 79
1198 2170 1288 2199 Non.
1312 2177 1324 2199 1
1359 2177 1370 2199 1
1415 2172 1609 2199 mittuntur

752 2218 797 2246 8ο
815 2216 905 2245 Non.
922 2214 985 2254 238
1022 2217 1156 2245 attendi
1165 2214 1275 2245 Bothe
1337 2217 1374 2245 81
1397 2215 1489 2245 Non.
1507 2212 1607 2255 ¹470.

178 2258 275 2298 ²511.
324 2263 376 2289 et:
399 2262 433 2289 ei
455 2259 611 2290 Gulielm.
656 2257 811 2301 ‘largire'
852 2272 939 2302 aque
963 2260 1077 2291 ΝοΠ.1
1126 2263 1169 2291 82
1194 2261 1286 2291 Non.
1306 2258 1370 2290 226
1408 2259 1609 2300 (Epigoni

176 2304 227 2334 vel
251 2305 457 2345 Erigona)
498 2307 634 2336 consilii
657 2306 746 2344 (-lzt)
773 2306 805 2336 ll.

176 2349 360 2390 Sophoclis)
400 2355 433 2381 et
455 2350 531 2381 del?
559 2351 664 2381 Ribb.
705 2351 798 2382 vill.

178 2395 229 2431 (de
246 2406 342 2425 versu
360 2396 526 2435 Saturnio)

911 2309 954 2343 83
980 2307 1070 2336 Non.
1098 2314 1162 2346 230
1205 2305 1405 2346 (Epigoni
1428 2303 1608 2348 Ἐπίγονοι

847 2354 939 2383 vides
966 2352 1128 2382 Heinsius
1244 2354 1288 2388 84
1313 2350 1410 2382 Char.
1429 2351 1490 2382 GL
1507 2351 1524 2380 Ι
1543 2348 1606 2379 288

572 2405 621 2426 1.2
640 2412 683 2423 =
700 2397 790 2428 Non.
822 2397 881 2437 158
922 2398 1128 2439 Amfilocum
1151 2398 1243 2428 Non.
1359 2399 1403 2433 85
1433 2397 1522 2426 Non.
1541 2393 1606 2435 426

176 2442 221 2470 86
239 2441 329 2471 Non.
353 2449 413 2480 192
472 2445 515 2478 87
533 2443 623 2473 Non.
644 2442 707 2482 398
742 2448 932 2485 pergamus
950 2442 981 2472 ll.
1000 2449 1128 2483 praeter
1145 2443 1173 2473 B
1191 2453 1209 2473 e
1225 2453 1305 2473 corr.
1365 2444 1410 2473 88
1434 2442 1523 2472 Non.
1541 2446 1606 2480 472

176 2487 294 2516 *vadent
316 2491 357 2517 ut
379 2498 410 2518 v.
435 2487 455 2516 l.

403 2533 797 2573 (Epinausimaehe)

176 2584 220 2612 93
237 2576 328 2608 Non.
346 2577 410 2617 485
456 2586 468 2608 Ι
496 2579 669 2620 obfuerz't?
688 2579 792 2610 Ribb.

177 2621 258 2651 trad.
304 2624 384 2662 fore
408 2623 459 2653 ed.
486 2633 533 2663 pr.

177 2531 267 2560 Non.
298 2539 359 2571 233

523 2490 568 2525 89
592 2489 683 2519 Non.
706 2495 744 2528 75
817 2498 862 2525 9⁰
886 2489 987 2518 Prisc.
1007 2488 1069 2518 GL
1087 2489 1121 2519 II
1143 2487 1206 2528 236
1256 2486 1491 2529 (Eriphyla)
1561 2495 1600 2522 9¹

925 2543 968 2571 92
994 2534 1085 2564 Non.
1111 2533 1175 2574 256
1222 2534 1274 2564 vel
1301 2536 1340 2564 tu'
1363 2535 1401 2564 z'd
1443 2528 1605 2562 ‘aestima’

852 2589 897 2616 94
914 2580 1003 2609 Non.
1028 2579 1088 2620 158
1147 2589 1191 2616 95
1209 2580 1299 2610 Non.
1321 2586 1385 2619 519
1418 2579 1606 2618 probatum

628 2627 673 2661 96
696 2625 787 2655 Non.
809 2633 825 2654 2
876 2626 966 2655 milzi
988 2624 1019 2654 ll.
1113 2634 1157 2662 97
1182 2626 1272 2655 Non.
1295 2632 1356 2654 110
