1747 2865
216 116 241 152 4
245 116 270 152 4
831 108 864 136 Q.
889 107 1027 130 ENN1vs

217 219 298 254 330
330 214 445 265 (307)
515 214 681 252 saeviter
711 214 979 263 suspicionem
1010 214 1113 251 ferre
1143 216 1282 252 falsam
1313 216 1481 253 futtilum
1514 224 1572 255 est

216 276 295 311 331
330 271 444 322 (308)
513 271 601 320 plus
619 272 737 308 miser
757 272 829 309 sim
847 271 880 308 si
902 272 1112 308 scelestum
1133 272 1256 308 faxim
1278 274 1388 320 quod
1409 274 1540 310 dicam
1562 275 1647 311 fore

216 332 297 368 332
330 327 444 379 (309)
515 328 557 364 ut
574 329 685 377 quod
706 329 854 365 factum
877 334 936 366 est
956 328 1093 373 futtile,
1115 329 1240 373 amici,
1258 329 1326 366 vos
1348 330 1479 368 feratis
1500 331 1649 368 fortiter

216 389 298 425 333
330 384 444 435 (310)
515 384 568 422 ibi
600 391 684 422 tum
715 385 933 434 derepente
956 397 1004 422 ex
1025 386 1105 422 alto
1127 386 1166 422 in
1189 386 1310 422 altum
1333 387 1517 435 despexit
1538 399 1647 425 mare

216 446 297 482 334
330 441 444 492 (311)
515 443 638 479 strata
677 448 804 479 terrae
840 443 971 479 lavere
1001 442 1183 479 lacrumis
1214 441 1365 480 vestem
1396 445 1576 492 squalam
1608 450 1647 481 et

1387 501 1588 538 s6rdidam

215 560 296 595 335
329 554 494 605 (312ss)
517 555 590 605 ego
632 569 723 592 cum
762 556 881 605 genui
922 555 1008 592 tum
1048 556 1258 593 morituros
1298 557 1394 593 scivi
1436 564 1475 595 et
1514 559 1547 595 ei
1593 559 1647 595 rei

1441 615 1587 659 sustuli,

514 669 719 718 praeterea
749 671 799 706 ad
831 669 993 706 Troiam
1024 681 1114 705 cum
1146 669 1232 706 misi
1264 671 1315 707 ob
1347 670 1646 708 defendendam

1367 727 1589 771 Graeciam,

515 779 666 820 scibam
698 796 763 821 me
794 785 833 820 in
864 784 1111 821 mortiferum
1143 783 1301 829 bellum,
1333 785 1413 821 non
1444 786 1483 821 in
1511 785 1647 834 epulas

1434 842 1590 878 mittere

215 901 296 936 336
330 896 444 946 (315)
515 897 625 934 more
672 898 838 947 antiquo
884 899 1036 935 audibo
1082 906 1202 948 atque
1247 900 1348 936 auris
1393 898 1463 935 tibi
1510 905 1648 936 contra

1282 956 1451 992 utendas
1483 957 1589 992 dabo

215 1015 294 1050 337
330 1009 494 1061 (316ss)
517 1025 540 1047 a
572 1011 645 1060 ego
687 1012 808 1048 deum
847 1025 972 1061 genus
1014 1013 1100 1050 esse
1142 1025 1299 1061 semper
1334 1012 1416 1049 dixi
1449 1020 1487 1049 et
1517 1013 1647 1049 dicam

1396 1065 1589 1113 caelitum,

571 1122 643 1162 sed
676 1137 744 1163 eos
775 1138 857 1163 non
889 1128 1026 1164 curare
1061 1127 1212 1175 opinor,
1256 1126 1354 1175 quid
1385 1132 1476 1176 agat
1504 1127 1646 1163 huma-

1320 1183 1415 1219 num
1446 1196 1588 1232 genus:

572 1240 666 1276 nam
712 1241 743 1277 si
787 1247 936 1283 curent,
983 1240 1086 1277 bene
1129 1241 1245 1277 bonis
1277 1241 1335 1285 sit,
1381 1240 1484 1277 male
1526 1241 1647 1284 malis,

1200 1299 1310 1346 quod
1342 1298 1447 1333 nunc
1478 1298 1590 1334 abest

505 1354 525 1389 b
574 1386 599 1390 -
630 1355 885 1403 superstitiosi
917 1361 1025 1391 vates
1058 1354 1381 1404 mpudentesque
1412 1354 1561 1399 hzirioli,

571 1411 639 1447 aut
679 1413 822 1448 inertes
864 1413 932 1448 aut
958 1412 1084 1448 insani
1116 1417 1182 1448 aut
1214 1411 1358 1460 quibus
1390 1417 1540 1460 egestas
1573 1410 1647 1447 im-

1469 1474 1589 1516 perat,

575 1525 644 1573 qui
676 1524 747 1560 sibi
779 1524 961 1561 semitam
988 1537 1070 1561 non
1092 1526 1261 1574 sapiunt,
1296 1525 1404 1561 alteri
1426 1521 1647 1562 monstrant

1476 1583 1590 1625 viam,

571 1638 716 1687 quibus
748 1638 901 1675 divitias
933 1639 1175 1687 pollicentur,
1218 1640 1268 1675 Ab
1312 1639 1354 1676 iis
1387 1639 1646 1675 drachumam

1331 1695 1405 1744 ipsi
1437 1702 1590 1744 petunt.

571 1753 622 1789 de
653 1751 715 1789 his
747 1753 889 1789 divitiis
920 1751 995 1789 sibi
1026 1753 1230 1789 deducant
1252 1753 1524 1796 drachumam,
1555 1753 1645 1788 red-

1330 1810 1428 1846 dant
1459 1809 1588 1845 cetera

213 1870 293 1905 338
328 1865 365 1915 (3
375 1865 442 1915 24)
515 1865 643 1903 scibas
666 1872 804 1902 natum
822 1866 1038 1915 ingenuum
1057 1867 1232 1911 Aiacem,
1255 1865 1377 1903 cuitu
1394 1861 1646 1903 obsidionem

1475 1935 1589 1971 paras

213 1983 293 2018 339
328 1978 442 2030 (327)
513 1980 685 2016 eandem
718 1992 782 2017 me
813 1980 851 2016 in
883 1980 1152 2029 suspicionem
1182 1980 1336 2017 sceleris
1358 1976 1514 2028 partivit
1535 1986 1648 2027 pater

213 2089 279 2116 330
303 2081 393 2110 Non.
414 2088 473 2121 511
549 2090 608 2117 33¹
639 2081 730 2111 Non.
751 2088 813 2121 507
840 2081 881 2111 cf.
901 2082 1004 2111 Hom.
1024 2082 1040 2111 Ι
1058 2081 1123 2122 458
1139 2091 1170 2112 ss
1197 2082 1263 2119 (V.)
1315 2092 1390 2112 sum
1411 2106 1417 2111 .
1438 2106 1443 2111 .
1464 2105 1470 2111 .
1488 2082 1647 2111 scelestz'm

214 2126 296 2156 trad.
413 2135 479 2163 332
503 2127 595 2157 Non.
616 2134 679 2167 514
705 2127 744 2157 cf.
766 2127 869 2157 Hom.
896 2127 913 2157 Ι
930 2127 996 2167 464
1011 2127 1049 2157 s?
1074 2128 1145 2166 (V.)
1182 2129 1343 2169 fueratis
1368 2126 1463 2157 codd.
1581 2134 1647 2162 333

212 2172 302 2201 Non.
323 2171 385 2211 518
503 2180 570 2208 334
595 2172 685 2202 Non.
705 2170 716 2188 ¹
732 2180 803 2211 172.
831 2170 919 2212 2504
958 2172 1165 2210 (Telamo,
1198 2171 1367 2213 exemplar
1391 2171 1500 2202 adhuc
1523 2171 1646 2202 incom-

212 2218 353 2257 pertum)
393 2222 505 2248 strata
541 2217 608 2248 scil.
635 2218 780 2248 Eriboea
804 2223 910 2248 mater
933 2218 1046 2248 Aiacis
1071 2218 1117 2250 V.
1160 2223 1255 2248 terra
1279 2215 1396 2248 Νοῃ.2
1420 2228 1449 2247 v.
1475 2217 1494 2247 l.
1520 2218 1646 2258 squali-

211 2264 289 2292 dam
315 2262 431 2292 Non.‘-'
501 2272 567 2300 335
593 2262 660 2294 Cic.
681 2264 780 2294 Tusc.
799 2272 829 2303 3,
851 2262 890 2293 28
916 2264 1045 2294 Fronto
1069 2274 1101 2304 p.
1122 2270 1183 2302 217
1200 2264 1246 2294 N.
1292 2272 1302 2292 1
1333 2278 1375 2288 z
1401 2263 1477 2294 Sen.
1495 2262 1573 2293 dial.
1597 2270 1646 2299 12,

216 2316 265 2344 ΙΙ,
285 2316 301 2337 2
328 2308 368 2338 cf.
391 2309 485 2338 Hier.
505 2310 601 2349 epist.
620 2307 673 2345 60,
696 2316 711 2348 5
759 2317 769 2339 1
791 2321 850 2351 ego
875 2309 943 2339 scil.
967 2310 1100 2340 Telamo
1141 2312 1353 2339 moriturum
1371 2309 1466 2339 Sen.:
1493 2307 1647 2347 intellege

213 2354 342 2389 llberos,
378 2354 411 2383 in
437 2354 557 2394 quibus
581 2355 720 2384 Aiacem
773 2356 854 2385 hm'c
878 2354 955 2385 Sen.
1017 2362 1034 2393 3
1060 2356 1201 2385 sciebam
1227 2354 1294 2385 Cic.
1320 2355 1416 2384 Hier.
1465 2355 1648 2395 mortzsera

213 2400 299 2429 bella
324 2399 452 2430 Fronto
592 2402 659 2436 336
683 2401 773 2430 Non.
805 2407 866 2440 505
928 2411 1034 2441 neque
1057 2400 1208 2441 plerique
1251 2399 1468 2430 Telamonem
1495 2399 1647 2428 audimus

215 2452 279 2479 337
305 2443 372 2474 Cic.
393 2445 459 2474 diV.
480 2453 509 2482 2,
533 2453 593 2485 104
624 2448 658 2482 -ἦ-
689 2447 720 2483 (α
735 2449 765 2484 3)
791 2451 857 2476 nat.
877 2445 967 2476 deor.
987 2453 1017 2485 3,
1038 2452 1078 2484 79
1109 2448 1143 2482 -ξ-
1174 2448 1191 2476 b
1210 2446 1274 2475 div.
1298 2454 1325 2481 1,
1347 2453 1407 2484 132
1456 2443 1648 2474 Telamonis

212 2489 253 2518 de
285 2489 336 2519 dis
369 2490 566 2532 vatibusque
598 2491 809 2531 pronuntiata
865 2493 918 2530 b4
943 2494 1005 2522 iis.-
1037 2493 1090 2522 lzz‘s
1123 2491 1204 2521 trad.
1265 2493 1439 2522 dracmam
1464 2491 1647 2530 dragmam

212 2535 411 2566 drachmam
435 2536 508 2566 sim.
534 2536 567 2567 ll.
610 2543 625 2576 5
655 2539 682 2567 is
710 2547 739 2566 V.
766 2536 786 2566 l.
831 2538 1005 2567 dracmam
1029 2547 1058 2567 v,
1085 2536 1106 2566 l.
1171 2539 1238 2573 338
1263 2537 1354 2567 Fest.
1384 2535 1444 2575 198
1471 2537 1647 2576 ingem'um

211 2579 283 2609 cod.
333 2580 412 2611 dicit
436 2581 576 2612 Telamo
651 2590 718 2618 339
741 2582 833 2612 Non.
853 2588 914 2622 475
966 2579 1029 2613 ‘me
1066 2582 1134 2612 scil.
1161 2582 1325 2612 Teucrum
1351 2581 1385 2611 in
1409 2585 1536 2622 partem
1563 2580 1646 2610 eius-

212 2624 289 2654 dem
316 2626 510 2666 suspicionis
536 2627 675 2657 adduxit
700 2624 803 2667 pate?
828 2627 1063 2667 interpretatur
1086 2628 1131 2658 V.
