1747 2865
184 91 203 129 7
212 92 232 118 2
749 84 878 107 COMICI
902 85 1054 107 INCERTI

210 196 234 231 3
267 191 308 242 (9
321 190 355 242 s)
424 203 518 228 nam
550 187 648 240 quid
679 191 790 228 modi
820 187 1012 228 facti'irust
1040 191 1119 228 risu
1150 187 1356 241 denique?

422 247 495 285 nisi
525 243 655 296 pictor
684 248 768 285 fieri
798 243 889 293 vi'ilt,
922 248 989 297 qui
1019 248 1099 285 risu
1128 244 1325 286 mortuust

210 309 234 343 4
267 303 353 355 (15)
422 300 609 353 sponderi
639 310 749 341 tuam
778 310 941 353 gnatam
971 300 1055 342 filio
1086 300 1252 342 uxorem
1284 307 1406 343 meo?

210 366 233 401 ὃ
266 359 353 412 (23)
422 356 648 409 pari'mculis
679 362 731 398 ad
762 357 853 398 litus
884 361 983 398 ludit
1013 357 1205 399 celeribus

209 423 233 457 6
266 417 352 468 (35)
422 413 567 455 exilivit
598 414 711 467 quasi
742 419 919 467 petulcus
950 414 1126 467 quidam,
1168 419 1337 468 pedibus
1368 415 1614 458 convibravit

212 480 230 513 7
265 474 331 525 (43
346 473 381 524 s)
423 470 548 512 modo
580 487 736 524 pueros,
771 476 895 512 modo
927 471 1200 513 adulescentes
1232 471 1273 512 in
1304 488 1418 514 cursu
1450 489 1474 513 a
1503 482 1612 526 tergo

1339 529 1556 582 insequens

421 584 497 625 nec
529 588 727 637 opinantis
759 585 950 625 adsecuta
981 594 1039 626 est

265 643 351 695 (45)
422 641 555 682 sentin
586 657 724 682 senem
755 657 842 683 esse
872 642 1022 682 tactum
1052 642 1210 695 triginta
1238 646 1384 683 minis?

265 701 329 752 (51
348 700 403 752 ss)
426 702 456 739 si
487 697 593 739 ni'mc
623 702 751 739 redire
780 698 917 751 posset
946 703 999 739 ad
1030 698 1194 752 superos
1220 709 1343 752 pater,

421 759 488 808 qui
518 755 557 796 te
589 764 769 796 tutamen
800 755 885 796 fore
915 765 1093 808 sperarat
1122 756 1295 797 familiae

421 812 644 865 domuique
675 816 870 860 columen,
902 812 1040 853 nonne
1071 812 1170 869 (tibi)
1201 817 1256 854 sic
1287 813 1466 854 diceret?

423 868 506 909 ‘cur
535 869 574 909 te
606 874 838 917 dedecoras,
869 869 1018 910 famam
1049 886 1118 910 cur
1147 870 1322 910 maculas
1353 875 1492 911 tuam?

420 942 489 967 cur
519 926 603 966 rem
634 930 841 979 dilapidas,
874 926 997 978 quam
1028 930 1147 968 miser
1177 927 1349 967 extruxit
1379 931 1491 968 labor
1503 927 1535 968 ?’

182 992 232 1026 10
282 986 306 1024 6
311 986 352 1037 3)
422 987 462 1023 di
478 983 729 1024 inmortales!
754 983 854 1036 quas
873 999 946 1036 ego
958 999 1122 1036 pugnas,
1140 984 1308 1036 quantas
1325 994 1473 1037 strages
1485 983 1615 1025 edidi!

182 1050 230 1082 11
282 1042 353 1094 64)
422 1076 448 1081 -
468 1044 664 1093 persuasit
681 1040 815 1081 animo
832 1044 978 1087 vinum,
1001 1039 1101 1081 deus
1119 1044 1187 1093 qui
1204 1045 1328 1081 multo
1346 1050 1404 1081 est
1420 1041 1616 1083 maximus

183 1105 232 1139 12
283 1100 382 1151 66s)
424 1097 592 1138 clitellae
623 1101 717 1137 bovi
747 1096 841 1137 si'mt
870 1101 1091 1149 inpositae:
1134 1097 1272 1149 plane!
1315 1114 1398 1138 non
1441 1108 1500 1139 est
1539 1098 1613 1139 116-

208 650 232 741 2000

1305 1163 1428 1195 strum
1459 1170 1559 1196 onus

182 1219 232 1254 13
284 1213 351 1265 72)
422 1210 521 1264 quid
538 1215 708 1252 clamare
724 1211 865 1252 exorsa
879 1215 1007 1252 verbis
1019 1211 1184 1263 parvam
1197 1227 1280 1252 rem
1293 1212 1480 1265 magnam
1492 1216 1586 1253 facis
1600 1216 1616 1252 P

182 1275 232 1310 14
285 1270 352 1321 76)
421 1284 523 1309 onus
556 1267 614 1309 est
644 1272 775 1309 honos
806 1272 873 1320 qui
904 1267 1071 1309 si'istinet
1101 1284 1185 1308 rem
1217 1267 1416 1320 pi'iblicam

182 1333 231 1368 15
283 1327 351 1379 77)
422 1341 506 1366 non
538 1324 596 1366 est
627 1329 779 1373 beatus,
812 1325 899 1366 esse
930 1341 972 1365 se
1003 1329 1070 1378 qui
1101 1325 1186 1365 non
1217 1335 1331 1377 putat

182 1390 231 1424 16
282 1385 331 1434 83
346 1384 380 1436 s)
420 1381 619 1422 beneficia
650 1386 690 1422 in
721 1386 858 1435 volgus
889 1381 981 1422 ci'1m
1012 1386 1139 1435 largiri
1169 1382 1392 1431 institueris,

422 1439 631 1491 perdenda
662 1448 754 1480 sunt
784 1443 918 1487 multa,
950 1438 993 1479 ὑῒ
1024 1443 1146 1480 semel
1178 1439 1306 1491 ponas
1337 1444 1442 1480 bene

338 1499 351 1550 )
420 1496 543 1548 saepe
574 1500 641 1548 qui
673 1495 848 1537 misereri
878 1500 1018 1548 potuit,
1051 1495 1363 1536 misericordiam
1395 1506 1507 1549 rogat

339 1556 351 1607 )
422 1553 492 1594 odi
524 1557 710 1605 puerulos
742 1552 957 1605 praecoqui
988 1552 1184 1605 sapientia

349 1612 403 1663 ss)
427 1613 524 1663 quid
555 1609 768 1650 tristiorem
800 1609 921 1650 video
952 1619 991 1650 te
1023 1625 1110 1651 esse
1142 1625 1263 1662 quam
1301 1610 1503 1658 antidhac,

422 1667 677 1719 Lampadio?
709 1671 905 1719 numquid
936 1667 1136 1707 familiaris
1168 1666 1272 1707 filius

421 1724 529 1764 amat
559 1740 634 1765 nec
664 1740 755 1776 spes
788 1733 846 1764 est
875 1723 995 1764 ai'ixili
1026 1723 1257 1777 argentaria,

420 1780 597 1834 ideoque
627 1785 814 1833 scapulae
846 1780 1030 1821 metuunt
1060 1780 1394 1833 virgindemiam?

179 1882 199 1909 3
217 1873 307 1904 Fest.
324 1882 388 1913 209
426 1883 437 1904 Ι
451 1884 466 1904 s
479 1877 649 1916 facturus
662 1881 695 1904 et
709 1880 867 1905 mortuus
880 1879 929 1905 est
943 1874 1016 1904 cod.
1043 1874 1110 1904 scil.
1128 1875 1251 1905 Zeuxis
1289 1883 1312 1910 4
1324 1873 1422 1904 Varr.
1436 1873 1514 1914 ling.
1529 1873 1559 1904 6.
1577 1881 1613 1913 71

177 1921 300 1959 sponde
325 1923 422 1950 tuam
452 1924 617 1962 agnatam
650 1920 723 1950 cod.
819 1929 840 1957 5
864 1919 944 1950 Isid.
971 1920 1051 1959 orig.
1090 1927 1138 1958 19,
1175 1927 1201 1956 1,
1230 1927 1271 1949 20
1303 1916 1400 1960 eparo
1435 1922 1618 1962 navigium

172 1967 379 2005 piratarum
404 1968 488 1996 usui
508 1963 641 2006 aptum'
711 1968 733 1996 6
750 1966 841 1996 Fest.
869 1964 933 1995 206
968 1967 1095 1996 exiluit
1119 1965 1191 1995 cod.
1273 1974 1292 2001 7
1319 1964 1388 1996 Cic.
1407 1966 1505 1996 Tusc.
1528 1973 1556 2002 Ι,
1574 1973 1618 2006 94

184 2018 195 2039 l
217 2015 345 2051 pueros
373 2013 469 2041 modo
495 2011 693 2042 Fleckeisen
743 2020 759 2041 2
787 2011 854 2042 scil.
880 2015 971 2041 aetas
1065 2013 1087 2041 8
1112 2010 1179 2041 Cic.
1206 2010 1248 2040 de
1272 2017 1354 2041 orat.
1374 2019 1404 2047 2,
1426 2017 1487 2051 257
1524 2013 1618 2042 satin

179 2055 303 2086 Buech.
397 2065 420 2094 9
444 2055 541 2087 Char.
563 2056 624 2087 GL
644 2058 660 2087 I
686 2056 779 2096 2843
840 2065 856 2087 2
881 2062 1021 2097 sperare
1046 2056 1119 2086 eod.
1169 2063 1186 2095 3
1218 2067 1327 2086 nonne
1355 2054 1456 2097 (tibi)
1488 2056 1615 2087 Ribb.:

180 2101 236 2142 ns.
256 2126 262 2131 .
281 2126 288 2132 .
287 2102 316 2143 J
340 2101 431 2132 cod.:
458 2113 568 2133 nonne
595 2101 737 2143 (putas)
766 2102 822 2133 alii
877 2112 925 2142 45
949 2103 1129 2139 dedecores,
1163 2103 1320 2138 macules,
1353 2103 1520 2143 dilapides
1544 2101 1617 2132 cod.

180 2148 401 2189 4samilz'am
426 2148 498 2178 cod.
543 2155 559 2188 5
587 2159 692 2189 quam
716 2147 768 2178 ed.
794 2158 860 2189 pr.:
888 2148 942 2189 q[.
963 2172 969 2177 .
990 2146 1023 2186 s
1049 2147 1121 2178 cod.
1161 2149 1265 2177 miser
1290 2146 1341 2178 ll.:
1368 2159 1461 2178 meus
1489 2146 1616 2178 Kiessl.

179 2192 304 2223 Buech.
412 2202 454 2223 ιο
479 2193 548 2224 Cic.
566 2195 640 2224 Att.
672 2202 698 2229 1,
727 2194 777 2231 16,
809 2202 819 2223 1
863 2198 894 2224 et
919 2197 1069 2234 quantas
1086 2193 1118 2223 ll.
1231 2201 1266 2222 ιι
1296 2193 1387 2223 Fest.
1418 2200 1477 2234 153
1523 2191 1613 2235 (ita)

179 2237 207 2267 ci
233 2238 337 2269 Ribb.
420 2248 460 2269 12
486 2238 553 2270 Cic.
571 2240 645 2269 Att.
666 2246 695 2279 5,
718 2246 767 2279 15,
790 2247 808 2278 3
847 2241 962 2269 Amm.
990 2237 1040 2275 16,
1059 2245 1090 2279 5,
1108 2246 1127 2277 9
1161 2238 1202 2269 ef.
1222 2238 1337 2278 Quint.
1356 2238 1431 2269 inst.
1451 2246 1481 2279 5,
1505 2246 1555 2276 11,
1575 2246 1612 2268 21

173 2284 280 2323 plane
312 2285 449 2315 Amm.:
484 2286 590 2315 illane
621 2284 713 2315 Med.
740 2295 767 2315 e.
794 2295 874 2315 corr.
1018 2293 1059 2321 13
1092 2283 1162 2315 Cic.
1189 2282 1279 2314 Cael.
1306 2283 1349 2323 36
1393 2285 1541 2315 clamore
1564 2283 1615 2313 11.:

178 2330 359 2361 clamorem
386 2330 492 2360 Ribb.
590 2339 631 2366 ¹4
655 2330 751 2360 Varr.
774 2330 851 2370 ling.
871 2337 901 2370 5,
923 2336 961 2370 73
1061 2338 1102 2366 ¹5
1127 2329 1203 2360 Sen.
1224 2329 1319 2369 epist.
1342 2337 1372 2368 9,
1393 2338 1429 2360 21
1469 2328 1615 2360 Publilio

180 2373 263 2414 Syro
287 2385 347 2406 suo
372 2375 547 2416 adscripsit
571 2375 660 2406 Guil.
686 2376 804 2414 Meyer
828 2386 859 2416 p.
878 2375 921 2416 46
1029 2378 1071 2406 ι6
1094 2374 1206 2406 Senef.
1232 2375 1343 2405 benef.
1375 2383 1401 2412 1,
1429 2383 1445 2404 2
1484 2374 1525 2405 cf.
1549 2374 1615 2404 Pu-

181 2419 248 2449 blil.
268 2420 339 2461 Syr.
360 2426 443 2451 sent.
462 2420 536 2451 fals.
559 2420 620 2460 287
647 2431 679 2461 p.
706 2428 769 2460 130
790 2421 847 2450 W.
959 2430 999 2458 ¹7
1025 2421 1102 2452 Sen.
1120 2426 1223 2451 contr.
1248 2428 1277 2458 9,
1300 2427 1339 2458 27
1359 2431 1390 2461 p.
1411 2427 1475 2460 274
1489 2420 1528 2450 B.
1562 2430 1613 2449 ro—

175 2467 270 2505 gitat
293 2468 567 2497 misericordiam
592 2466 697 2497 Ribb.
833 2469 874 2497 18
898 2467 1001 2508 Apul.
1029 2466 1115 2507 apol.
1136 2465 1176 2506 85
1216 2465 1257 2495 cf.
1284 2465 1405 2496 Publil.
1431 2466 1503 2504 Syr.
1528 2469 1612 2494 sent.

181 2509 253 2540 fals.
276 2511 337 2551 255
366 2522 397 2552 p.
422 2520 484 2550 129
504 2512 563 2542 W.
669 2521 710 2549 19
734 2512 826 2542 Non.
852 2511 911 2550 187
975 2520 987 2542 1
1017 2515 1119 2554 angit
1141 2513 1204 2542 hac
1228 2510 1260 2541 ll.
1318 2519 1335 2541 2
1363 2511 1612 2552 lampadionem

181 2557 267 2595 quid
281 2558 488 2598 familiares
514 2557 596 2588 trad.
646 2565 663 2596 3
691 2568 768 2588 nec:
799 2558 880 2588 haec
906 2558 989 2588 trad.
1026 2558 1225 2599 argentarii
1246 2557 1275 2588 ci
1300 2555 1414 2587 Carrio
1452 2565 1472 2595 4
1495 2558 1611 2597 virga-

183 2603 410 2632 rumdemz'am
436 2602 518 2633 trad.
