1747 2865
497 88 530 117 Q.
558 87 739 110 LVTATIVS
764 86 931 109 CATVLVS
978 85 1171 109 POMPILIVS
1477 93 1552 130 149

123 199 147 234 2
180 194 239 246 (2)
271 196 367 245 quid
398 197 569 233 faculam
601 196 786 244 praefers,
828 195 1016 238 Phileros,
1058 206 1162 243 quae
1193 194 1247 229 nil
1279 205 1379 242 opus
1410 192 1554 229 nobis?

328 253 471 290 ibimus
501 254 566 297 sic,
598 253 701 289 lucet
730 257 893 301 pectore
924 252 1086 288 flamma
1116 251 1220 288 satis.

268 310 385 347 istam
416 322 510 346 nam
540 310 644 358 potis
676 315 735 346 est
765 309 822 345 vis
852 320 972 345 saeva
1003 308 1232 357 extinguere
1262 307 1370 344 venti

326 372 395 403 aut
425 367 551 403 imber
582 366 692 402 caelo
723 366 919 402 candidus
950 365 1224 414 praecipitans.

273 429 313 460 at
344 429 482 460 contra
512 423 619 459 hunc
649 423 780 471 ignem
812 422 991 466 Veneris,
1022 422 1095 458 nisi
1125 421 1156 458 si
1186 422 1325 458 Venus
1356 421 1450 469 ipsa,
1577 434 1590 460 5

327 480 469 517 nullast
500 492 604 528 quae
635 480 761 528 possit
791 480 847 515 vis
878 479 955 515 alia
986 479 1211 527 opprimere

519 628 566 675 Q.
600 628 876 664 LVTATIVS
908 627 1160 664 CATVLVS

126 712 146 745 1
181 705 217 757 (1
254 706 407 757 Baehr.)
439 708 589 756 aufugit
620 708 671 743 mi
704 708 870 744 animus.
908 708 1040 751 credo,
1082 713 1124 743 ut
1155 707 1265 750 solet,
1307 707 1358 742 ad
1391 706 1556 742 Theoti-

1389 775 1499 799 mum

329 821 500 858 devenit.
543 821 597 858 sic
629 827 706 858 est:
740 821 963 870 perfugium
993 821 1089 857 illud
1120 821 1253 857 habet.

272 878 379 926 quid,
412 878 443 914 si
473 890 556 914 non
587 878 836 922 interdixem,
869 891 919 914 ne
949 878 1068 914 illunc
1098 878 1303 926 fugitivum

326 935 499 971 mitteret
529 936 581 971 ad
612 947 654 972 se
686 935 799 980 intro,
832 936 902 971 sed
935 935 1058 983 magis
1091 934 1263 971 eiceret?

269 992 411 1029 ibimus
443 992 678 1040 quaesitum.
720 1004 870 1036 verum,
901 1004 952 1029 ne
982 991 1055 1040 ipsi
1086 997 1305 1034 teneamur,

327 1049 511 1086 formido.
573 1049 669 1097 quid
700 1050 805 1098 ago?
847 1050 909 1091 da,
942 1048 1091 1093 Venus,
1124 1048 1351 1085 consilium!

131 1109 154 1144 2
188 1103 246 1156 (2)
279 1106 532 1143 constiteram
564 1106 808 1143 exorientem
840 1106 1036 1142 Auroram
1067 1106 1168 1142 forte
1199 1105 1385 1150 salutans,

328 1175 418 1199 cum
449 1163 578 1200 subito
609 1175 632 1199 a
663 1163 775 1199 laeva
807 1162 973 1200 Roscius
1005 1163 1186 1199 exoritur.

269 1231 368 1268 pace
397 1220 494 1256 mihi
525 1220 650 1265 liceat,
683 1220 883 1265 caelestes,
916 1220 1047 1256 dicere
1077 1225 1217 1264 vestra,

328 1277 503 1314 mortalis
534 1273 684 1329 visus(t>
717 1277 918 1325 pulchrior
949 1288 1036 1313 esse
1067 1277 1145 1313 deo

693 1423 990 1461 POMPILIVS

126 1509 142 1542 1
181 1501 306 1554 (Ribb.
342 1509 433 1552 trag.
464 1511 506 1552 p.
547 1502 632 1553 263)
673 1503 752 1539 heu
795 1500 874 1552 qua
914 1515 979 1539 me
1019 1515 1147 1548 causa,
1189 1499 1375 1547 Fortuna,
1414 1500 1557 1541 infeste

1326 1561 1499 1609 premis?

126 1621 150 1655 2
183 1616 221 1668 (2
255 1614 410 1666 Baehr.)
442 1616 562 1661 Pacvi
592 1616 806 1665 discipulus
838 1617 959 1661 dicor,
1001 1628 1121 1665 porro
1152 1618 1183 1654 is
1215 1617 1286 1653 fuit
1318 1617 1433 1663 Enni,

324 1673 476 1710 Ennius
504 1673 721 1710 Musarum.
758 1674 975 1722 Pompilius
1007 1674 1141 1711 clueor

126 1735 151 1770 3
183 1728 242 1781 (Ι)
273 1730 482 1767 ridiculum
513 1736 582 1775 est,
614 1743 704 1767 cum
734 1736 773 1768 te
804 1743 960 1768 cascam
991 1737 1059 1767 tua
1089 1731 1184 1767 dicit
1215 1731 1353 1776 amica,

330 1787 384 1824 fili
416 1787 571 1832 Potoni,
603 1788 861 1836 sesquisenex
891 1800 1071 1836 puerum.

273 1844 336 1881 dic
366 1856 501 1881 rusum
532 1844 698 1881 Pusam:
732 1845 785 1881 sic
816 1845 886 1881 fiet
916 1840 1066 1881 ‘mutua
1098 1841 1226 1881 muli':

330 1913 424 1938 nam
454 1914 547 1938 vere
577 1913 699 1950 pusus
729 1907 782 1946 tu,
814 1907 882 1938 tua
913 1902 1041 1938 amica
1072 1914 1194 1938 senex

126 2068 147 2089 2
172 2058 257 2090 Gell.
286 2067 337 2098 19,
355 2067 387 2099 9,
408 2067 445 2088 12
483 2058 524 2089 cf.
550 2059 671 2099 Pomp.
691 2058 910 2089 wandinschr.
931 2058 993 2099 585
1047 2067 1059 2089 1
1089 2061 1193 2100 quid:
1218 2063 1282 2100 quz'
1304 2059 1368 2089 v.l.
1406 2071 1476 2100 qua
1492 2070 1523 2090 v.
1537 2059 1558 2089 l.

127 2104 273 2144 ni(c)}zil
293 2108 344 2135 est
365 2110 450 2145 opus
466 2104 499 2134 ll.
539 2106 631 2135 nobis
656 2114 711 2134 om
736 2114 812 2145 pars
828 2104 924 2135 codd.
970 2113 987 2134 2
998 2107 1147 2145 pectoris
1166 2103 1285 2135 Baehr.
1335 2112 1352 2144 3
1379 2116 1461 2135 nam
1477 2105 1559 2136 Tur-

126 2149 250 2180 nebus:
287 2161 355 2180 non
372 2149 416 2186 ll.,
439 2149 529 2180 unde
547 2150 807 2191 praecipitans?
843 2150 908 2180 Iac.
935 2150 1100 2181 Gronov.:
1135 2161 1227 2181 nunc
1250 2150 1302 2180 vel
1336 2161 1414 2181 mox
1437 2149 1558 2182 Baehr.

128 2205 148 2235 4
171 2197 320 2226 concitus
344 2194 463 2225 Baehr.
514 2202 530 2234 5
551 2198 585 2226 sz'
605 2205 659 2225 om
677 2205 751 2236 pars
775 2195 807 2225 ll.

130 2250 142 2270 ι
173 2240 258 2271 Gell.
283 2248 333 2281 19,
352 2248 382 2279 9,
404 2248 443 2280 14
480 2241 521 2271 cf.
548 2240 678 2271 Callim.
704 2241 805 2281 epigr.
830 2249 870 2281 41
900 2240 983 2271 Wil.
1016 2240 1158 2271 Anthol.
1182 2240 1254 2271 Pal.
1285 2249 1334 2277 12,
1354 2247 1394 2281 73
1432 2242 1560 2272 Fronto

126 2297 159 2327 p.
179 2295 199 2326 4
215 2286 261 2316 N.
314 2294 325 2316 1
355 2287 480 2328 ffcgit
502 2296 532 2316 v.
550 2285 571 2315 l.
609 2287 753 2326 mz'(c)h2'
774 2286 806 2317 ll.
854 2294 872 2326 3
893 2288 997 2328 quid:
1025 2290 1132 2327 qzcz’V.
1152 2286 1173 2317 l.
1214 2297 1301 2317 non:
1325 2298 1417 2318 nunc
1439 2287 1560 2318 Piazza

128 2333 379 2362 interdixz‘ssem
404 2342 434 2361 v.
451 2331 472 2362 1.
511 2332 608 2362 illinc
631 2342 716 2362 unus
766 2339 782 2372 5
810 2334 952 2363 verbum
970 2332 1002 2362 ll.
1042 2343 1082 2362 ne
1106 2342 1162 2363 om
1182 2342 1258 2373 pars
1275 2331 1308 2362 ll.
1344 2335 1506 2373 z'psz‘tz'ten.
1524 2332 1558 2363 11.

127 2387 148 2407 2
173 2376 242 2408 Cic.
266 2381 334 2407 nat.
359 2377 449 2407 deor.
472 2385 499 2415 1,
520 2383 561 2417 79

131 2432 143 2452 ι
173 2423 271 2453 Varr.
295 2421 373 2462 ling.
400 2428 430 2460 7,
450 2430 490 2461 93
539 2431 560 2452 2
584 2423 675 2453 Non.
696 2422 737 2453 88
776 2423 896 2461 (Varro
912 2420 1017 2461 ’Όνος
1037 2421 1155 2467 λύρας,
1191 2424 1233 2454 cf.
1259 2424 1410 2465 Menipp.
1427 2422 1494 2464 356
1506 2424 1557 2462 B.)

133 2477 144 2498 1
168 2470 342 2509 pacuvf'us
365 2467 398 2497 ll.
458 2475 475 2497 2
499 2468 636 2498 Ennz'u'
668 2467 744 2498 edd.
877 2477 897 2505 3
922 2469 1020 2499 Varr.
1046 2469 1122 2509 ling.
1150 2476 1180 2507 7,
1206 2468 1246 2499 28
1295 2470 1395 2510 <Pap
1406 2472 1447 2500 z'n
1457 2472 1473 2500 i
1492 2472 1559 2510 epi-

123 2516 372 2556 grammatz'on.
406 2513 466 2543 sed
489 2514 531 2543 cf.
557 2513 812 2544 Goetz-Schoell
827 2524 859 2554 p.
881 2522 939 2544 101
975 2514 1064 2553 adn.)
1097 2516 1139 2544 ad
1172 2523 1192 2554 4
1224 2524 1273 2545 ex.
1302 2515 1344 2545 cf.
1370 2515 1472 2546 Prisc.
1497 2515 1559 2546 GL

129 2559 165 2589 II
181 2567 236 2598 90,
255 2566 272 2588 2
325 2567 337 2588 Ι
358 2561 464 2589 amici
478 2558 560 2589 trad.
603 2567 620 2598 3
641 2561 724 2589 dicit
735 2565 868 2600 pnsum
881 2561 1033 2600 puellam
1045 2565 1195 2601 pusam:
1227 2562 1280 2591 dz'c
1297 2571 1420 2592 rusum
1429 2567 1559 2602 pusam

131 2605 269 2642 (Pusam
288 2604 384 2635 Varr.
410 2604 498 2643 edd.)
533 2603 671 2635 Baehr.:
697 2606 750 2635 dic
774 2609 812 2636 tu
832 2607 929 2636 illam
941 2611 1069 2646 pnsum
1086 2605 1262 2636 Turnebus
1299 2610 1458 2638 mutuam
1475 2606 1557 2637 trad.
