1747 2865
185 102 260 148 164
722 102 859 125 VERsvs
884 102 1063 125 ANoNYm

633 242 840 280 VERSVS
873 242 1147 280 ANONYMI

181 329 201 362 1
236 323 273 373 (1
309 323 444 360 Baehr.
466 330 507 371 p.
537 321 599 372 56)
642 318 740 358 nihil
782 334 872 358 cum
903 322 1059 362 {fidibus
1102 318 1335 371 grac'eculost‚
1381 322 1479 359 nihil
1519 336 1609 359 cum

1233 391 1461 416 amaracmo
1493 391 1552 416 Sul

180 441 203 475 2
236 435 294 487 (2)
327 432 381 472 ibi
412 441 591 484 pastores
622 431 737 472 ludos
770 436 919 472 faciunt
949 431 1063 473 coriis
1095 432 1311 473 Consualia

179 498 203 533 3
236 491 294 543 (4)
325 488 394 529 rox
425 493 495 529 erit
525 492 592 541 qui
622 488 728 529 rc'ecte
759 492 886 536 faciet,
918 488 987 541 qui
1018 504 1101 529 non
1133 492 1261 537 faciet,
1292 488 1376 529 non
1408 492 1479 529 erit

179 554 203 589 4
235 548 271 599 (1
307 549 442 585 Baehr.
464 557 505 597 p.
537 547 619 598 276)
661 544 876 597 postquam
920 549 1085 586 Crassus
1125 545 1246 586 carbo
1287 550 1432 592 factus,
1478 545 1610 587 Carbo

1157 618 1308 643 crassus
1339 602 1464 643 factus
1495 612 1554 642 est

179 747 202 781 5
234 738 381 779 malum
413 742 620 778 consilium
652 738 868 779 consultori
899 748 958 778 est
988 738 1206 791 possimum

178 894 202 929 6
234 895 449 939 postquam
481 896 540 927 est
569 896 739 927 mortem
770 895 886 938 aptus
918 889 1092 935 Plautus,
1123 889 1345 927 Comoedia
1376 891 1493 939 luget,

234 959 354 984 scena
385 953 444 984 est
475 948 643 991 deserta,
675 947 768 983 dein
801 946 929 991 Risus,
961 946 1099 983 Ludus
1130 947 1332 995 Iocusque

234 1010 273 1040 et
303 1004 471 1040 Numeri
502 1003 698 1040 innumeri
730 1004 844 1040 simul
877 1015 1019 1041 omnes
1051 1004 1385 1041 conlacrimarunt

182 1148 193 1168 ι
227 1137 313 1169 Gell.
338 1138 441 1179 praef.
472 1146 510 1178 19
549 1138 664 1177 (vetus
688 1140 853 1181 adagium
878 1139 942 1179 est)
975 1140 1139 1181 graculos
1159 1138 1211 1169 ll.:
1237 1147 1289 1168 em
1315 1138 1421 1169 Hertz
1468 1147 1489 1168 2
1512 1139 1611 1169 Varr.

176 1184 265 1225 apud
289 1184 380 1214 Non.
408 1191 446 1213 21
487 1183 607 1223 (etiam
633 1185 738 1224 pellis
770 1185 913 1215 bubulas
946 1186 1014 1215 oleo
1038 1186 1206 1227 perfusas
1225 1186 1478 1225 percurrebant
1501 1186 1612 1225 ibique

175 1231 395 1260 cernuabant.
420 1240 441 1260 a
465 1240 531 1270 quo
557 1231 616 1260 ille
639 1240 758 1260 versus
781 1234 880 1261 vetus
903 1234 954 1260 est
977 1232 1014 1261 in
1029 1230 1257 1270 carminibus)
1294 1230 1399 1260 sibiL
1447 1238 1468 1266 3
1483 1228 1609 1270 Porph.

177 1275 261 1305 Hor.
279 1275 374 1316 epist.
403 1282 431 1311 Ι,
460 1282 488 1312 Ι,
509 1273 550 1305 62
597 1284 620 1311 4
644 1274 776 1306 Sacerd.
795 1274 856 1306 GL
875 1275 928 1306 VI
945 1274 1007 1316 461
1058 1284 1079 1313 5
1103 1276 1201 1306 Varr.
1226 1280 1306 1305 rust.
1323 1283 1356 1315 3,
1376 1283 1404 1312 2,
1427 1283 1438 1304 1
1475 1274 1609 1315 Ge11.4‚

179 1328 207 1361 5,
227 1328 243 1361 5
280 1320 335 1360 (sn
358 1321 521 1351 Etruscos
536 1323 709 1361 aruspices
732 1322 821 1351 male
843 1322 1049 1352 consulentis
1074 1345 1081 1352 .
1100 1345 1107 1351 .
1126 1345 1133 1352 .
1159 1332 1278 1352 versus
1303 1345 1310 1351 .
1329 1345 1336 1352 .
1355 1345 1362 1351 .
1394 1323 1473 1351 scite
1493 1323 1611 1362 factus

175 1370 401 1407 cantatusque
431 1376 496 1397 esse
519 1377 540 1396 a
559 1368 681 1407 pueris
713 1368 796 1397 urbe
820 1370 892 1397 tota
904 1367 1051 1409 fertur)
1088 1366 1130 1397 cf.
1152 1366 1295 1397 Hesiod.
1320 1376 1398 1408 opp.
1426 1364 1489 1396 266
1522 1364 1548 1411 ἡ
1573 1363 1609 1397 δὲ

175 1411 267 1457 κακὴ
295 1409 407 1457 βουλὴ
433 1414 481 1455 τῷ
507 1409 732 1454 βουλεύσαντι
755 1410 903 1457 κακίστη
930 1415 1119 1453 pessimum
1141 1416 1192 1443 est
1209 1411 1295 1443 Gell.
1341 1414 1365 1442 6
1389 1410 1473 1442 Gell.
1504 1419 1530 1448 1,
1558 1419 1610 1451 24,

178 1464 195 1496 3
231 1459 462 1499 (epigramma
494 1458 656 1488 Plauti
678 1482 684 1488 .
706 1482 712 1488 .
732 1482 740 1490 .
765 1469 786 1488 a
819 1459 972 1489 Varrone
1001 1460 1151 1499 positum
1177 1482 1184 1488 .
1203 1482 1210 1488 .
1231 1482 1238 1488 .
1265 1460 1301 1488 in
1329 1459 1415 1488 libro
1442 1458 1482 1488 de
1500 1459 1610 1497 poetis

172 1503 306 1542 primo)
