1747 2865
171 86 194 123 8
200 87 223 123 6
791 88 821 110 L.
846 87 976 111 ACCIVS

172 201 251 236 192
285 195 382 246 (636
394 196 448 247 ss)
471 191 623 233 Tereus
654 195 851 232 indomito
882 191 993 232 mere
1023 201 1146 244 atque
1175 197 1310 233 animo
1340 193 1510 234 barbaro

469 247 677 300 conspexit
707 252 748 288 in
779 263 878 296 eam,
910 247 1048 289 amere
1078 265 1216 290 vecors
1246 249 1446 299 flammeo,

470 304 676 357 depesitus
707 308 859 345 facinus
890 304 1107 357 pessimum
1139 321 1188 346 ex
1219 305 1424 347 dementia

469 361 660 413 confingit

173 427 251 462 193
283 421 397 472 (642)
467 417 589 459 det'im
611 421 874 470 Cadmogena
903 418 1043 459 natum
1065 423 1221 460 Semela
1252 419 1390 460 adfare
1415 430 1454 461 et
1473 425 1602 461 famu-

1296 476 1424 517 lanter
1454 487 1546 530 pete

172 540 250 574 194
283 533 398 585 (646)
468 532 543 571 alia
564 535 627 571 hic
648 530 874 572 sanctitudo
892 541 961 579 est,
983 536 1091 572 aliud
1107 531 1258 572 nemen
1275 543 1314 573 et
1330 536 1481 574 numen
1497 538 1602 575 Iovis

175 598 253 631 195
287 591 383 642 (647
398 591 432 642 s)
473 592 590 628 video
623 587 696 640 ego
728 597 778 636 te,
810 592 957 637 mulier,
993 588 1104 629 more
1135 593 1348 630 multarum
1379 589 1489 640 utier,

469 655 512 685 ut
541 645 623 685 vim
655 649 877 686 contendas
908 644 1016 686 ti'iam
1048 650 1100 686 ad
1131 646 1380 687 maiestatem
1412 651 1482 688 viri

173 709 250 743 196
283 703 397 755 (651)
467 701 577 742 multi
608 705 732 754 iniqui
763 711 886 754 atque
917 702 1100 743 infideles
1127 702 1260 756 regno,
1292 708 1408 756 pauci
1430 704 1604 745 benivoli

174 766 249 800 197
285 761 399 812 (655)
470 758 586 799 videc')
619 763 798 811 sepulcra
829 758 910 799 duo
943 763 1112 800 duorum
1144 760 1355 813 corporum

171 823 251 858 198
285 818 381 868 (657
396 817 448 868 ss)
473 815 636 868 quinam
667 819 967 856 Tantalidarum
1000 816 1261 858 internecioni
1293 822 1439 859 modus

468 876 656 925 paretur?
679 882 748 913 aut
765 888 966 925 quaenam
982 872 1174 926 umquam
1192 878 1244 914 ob
1266 884 1436 915 mortem
1453 878 1604 927 Myrtili

468 930 610 982 poenis
640 934 794 970 luendis
826 930 984 970 dabitur
1013 934 1131 971 satias
1162 931 1355 983 supplici?

173 994 251 1028 199
286 988 379 1037 (661
397 989 430 1040 s)
472 987 567 1027 nam
606 1002 738 1039 neque
778 991 904 1038 pretio
935 987 1069 1040 neque
1099 991 1270 1028 amicitia
1299 987 1433 1041 neque
1463 992 1500 1028 vi
1530 992 1603 1028 im-

1145 1048 1236 1096 pelli
1267 1044 1400 1097 neque
1429 1060 1548 1098 prece

472 1098 605 1152 quitus
637 1116 725 1140 sum

171 1162 250 1197 200
284 1158 398 1208 (667)
470 1155 595 1197 immo
627 1161 732 1198 enim
774 1173 865 1198 vero
906 1157 1049 1210 cerpus
1090 1161 1246 1199 Priamo
1286 1158 1453 1207 reddidi,
1495 1162 1604 1199 Hec-

1241 1224 1368 1256 torem
1405 1215 1547 1256 abstuli

170 1276 249 1311 201
284 1271 398 1322 (668)
468 1274 546 1310 iam
577 1274 680 1311 hanc
712 1270 852 1312 urbem
883 1276 986 1327 ferro
1018 1271 1170 1312 vastam
1201 1276 1319 1312 faciet
1350 1271 1491 1313 Peleus

170 1333 250 1368 202
285 1328 399 1379 (682)
471 1326 638 1379 repudio
670 1331 795 1368 eiecta
825 1333 875 1369 ab
908 1332 1022 1381 Argis
1053 1333 1132 1369 iam
1163 1333 1318 1369 dudum
1355 1329 1491 1370 exsulo

171 1390 251 1426 203
285 1385 380 1435 (683
395 1386 428 1437 s)
470 1388 620 1424 nullum
643 1384 701 1425 est
722 1389 923 1438 ingenium
945 1386 1098 1426 tantum
1120 1401 1254 1438 neque
1274 1401 1342 1426 cor
1362 1386 1445 1426 tam
1465 1391 1604 1435 ferum,

470 1446 580 1493 quod
610 1441 695 1482 non
724 1446 901 1483 labascat
930 1442 1075 1495 lingua,
1107 1443 1276 1484 mitiscat
1306 1447 1412 1484 malo

171 1583 252 1618 ‘204
285 1580 321 1629 (1
358 1580 468 1617 Rz'bb.
497 1581 633 1631 prael.)
675 1582 769 1618 nihil
811 1578 944 1631 neque
982 1583 1115 1631 pericli
1153 1578 1286 1631 neque
1329 1583 1485 1619 tumulti
1532 1590 1601 1628 est,

1278 1636 1389 1689 qued
1426 1640 1546 1677 sciam

172 1698 252 1733 205
286 1693 344 1744 (2)
434 1691 607 1732 clamere
639 1702 677 1732 et
705 1696 854 1745 gemitu
885 1692 1077 1745 templum
1109 1697 1258 1733 resonit
1288 1693 1472 1733 caelitum

172 1754 251 1789 206
285 1752 324 1801 (3
339 1750 371 1801 s)
432 1753 511 1788 vim
542 1749 736 1789 Gallicam
767 1753 900 1789 obduc
931 1749 1070 1790 centra
1100 1754 1139 1789 in
1169 1754 1296 1790 aciem
1329 1750 1565 1790 exercitum:

430 1805 493 1845 lue
524 1816 679 1857 patrum
710 1810 841 1846 hostili
872 1810 960 1846 fuso
991 1822 1169 1859 sanguen
1200 1807 1391 1860 sanguine

173 1868 251 1903 207
287 1865 297 1908 ‘f
305 1875 326 1912 5
340 1864 372 1913 s)
434 1872 473 1902 te
509 1863 645 1903 sancte
676 1878 869 1904 venerans
901 1863 1094 1915 precibus,
1126 1867 1280 1912 invicte,
1312 1863 1468 1912 invoco,

431 1919 616 1971 portenta
646 1929 689 1959 ut
719 1924 870 1972 populo
902 1920 1063 1972 patriae,
1096 1920 1332 1961 verruncent
1361 1925 1467 1961 bene

174 2020 236 2049 192
262 2011 352 2042 Non.
381 2019 445 2051 279
494 2014 676 2052 (Tereus)
737 2022 752 2043 2
780 2019 820 2044 ut
852 2025 925 2044 eam
959 2015 1058 2044 Mue:
1092 2015 1172 2044 hinc
1205 2013 1328 2044 Buech.
1367 2015 1548 2055 flammeos
1572 2013 1604 2043 ll.

171 2064 188 2095 3
216 2053 435 2098 ‘desperatus’
516 2067 580 2095 193
604 2059 695 2089 Non.
717 2058 815 2089 ¹111.
843 2057 927 2099 ἱ’463
976 2064 1085 2090 catmo
1102 2064 1265 2090 venatum
1282 2059 1383 2090 Non¹
1413 2059 1464 2089 ll.:
1490 2061 1606 2090 cadmo

166 2108 372 2143 generatum
396 2103 514 2134 Non.‘-'
539 2104 571 2135 ll.
610 2106 837 2145 famularent
856 2109 1061 2146 perpetuen·
1084 2103 1200 2135 Νοῐὶ.2
1223 2104 1256 2135 ll.
1304 2122 1309 2126 -
1340 2114 1404 2142 194
1428 2105 1519 2135 Non.
1545 2111 1604 2144 173

171 2148 222 2178 bis
248 2160 367 2179 nomen
391 2148 423 2179 ll.
521 2159 584 2186 ¹95
608 2148 721 2180 Νοη.1
742 2157 815 2190 259.
843 2148 931 2190 ‘2519
983 2159 995 2180 1
1025 2162 1122 2181 mora
1146 2148 1264 2181 Νοῑι.2
1287 2161 1316 2180 v.
1343 2150 1382 2180 l.:
1410 2160 1465 2180 om
1489 2148 1603 2180 Non.¹

170 2193 319 2234 plerique
361 2203 377 2224 2
404 2197 474 2225 vim
500 2193 634 2225 Nonfl:
660 2207 737 2226 cum
766 2195 879 2226 ΝΟΠ.ι
904 2195 936 2226 ll.
980 2198 1026 2226 ad
1048 2206 1103 2226 om
1129 2194 1244 2227 Non.l
1261 2195 1294 2226 ll.
1337 2198 1426 2227 viris
1442 2194 1555 2226 Non.l
1573 2195 1604 2225 ll.

174 2241 238 2276 196
263 2239 330 2269 Cic.
351 2240 410 2269 off.
432 2248 462 2279 3,
481 2239 523 2280 84
562 2241 722 2278 (fabula
747 2241 924 2279 incerta)
966 2243 1116 2272 benivoli
1127 2246 1213 2272 sunt
1229 2242 1327 2272 Bern.
1346 2251 1379 2272 c:
1418 2243 1498 2272 boni
1522 2246 1607 2272 sunt

172 2284 258 2314 rell:
288 2290 372 2316 sunt
395 2287 475 2316 boni
495 2286 680 2316 Lambinus
787 2296 849 2323 ¹97
876 2287 944 2317 Cic.
966 2293 1048 2317 orat.
1071 2287 1132 2327 156
1180 2289 1251 2317 dua
1275 2297 1304 2316 v.
1330 2286 1351 2317 l.
1449 2289 1513 2324 198
1537 2286 1604 2317 Cic.

171 2336 238 2360 nat.
258 2338 287 2369 3,
307 2339 349 2369 90
400 2339 411 2360 1
435 2345 477 2356 z
498 2330 594 2362 Char.
614 2331 674 2362 GL
692 2332 708 2361 Ι
727 2340 765 2370 91
819 2340 835 2361 2
856 2337 1010 2373 paretur
1034 2332 1121 2364 Cic.:
1145 2335 1192 2363 sz't
1217 2331 1319 2363 Char.
1403 2341 1468 2370 199
1491 2332 1604 2362 Diom.

173 2374 233 2404 GL
250 2376 266 2405 1
285 2376 347 2416 385
394 2384 406 2406 Ι
437 2388 542 2418 neque
566 2387 620 2406 orn
638 2387 712 2417 pars
731 2377 763 2406 ll.
805 2380 953 2418 impellit
973 2380 1049 2415 (im)
1069 2389 1098 2408 v,
1117 2378 1138 2408 l.
1195 2387 1262 2408 200
1287 2377 1356 2409 Cic.
1374 2378 1472 2408 Tusc.
1495 2386 1521 2413 1,
1543 2383 1602 2416 105

173 2420 271 2450 verba
288 2420 414 2451 Achilli
469 2431 529 2453 201
560 2423 651 2452 Fest.
671 2429 733 2462 372
760 2423 854 2453 Paul.
874 2424 964 2454 Fest.
983 2430 1046 2462 373
1105 2433 1170 2454 202
1194 2424 1285 2454 Fest.
1305 2423 1365 2453 281
1395 2423 1518 2453 dicitne
1542 2421 1604 2451 10?

173 2474 239 2501 2⁰3
264 2466 354 2497 Non.
374 2474 436 2506 473
501 2476 512 2497 1
544 2479 610 2499 non
636 2470 775 2498 nullum
801 2479 830 2497 v.
858 2468 878 2498 l.
941 2477 957 2498 2
985 2470 1129 2499 labescat
1152 2469 1204 2499 vel
1230 2471 1425 2500 labascatur
1539 2476 1605 2503 2⁰4

173 2511 263 2540 Non.
284 2511 349 2551 484
387 2513 628 2550 (Aeneadae
652 2519 709 2544 aut
733 2514 906 2551 Decius)
978 2523 1044 2551 2⁰5
1069 2515 1159 2545 Non.
1180 2522 1246 2554 504
1338 2516 1406 2545 206
1429 2513 1520 2543 Non.
1541 2519 1603 2552 224

178 2563 189 2584 1
218 2558 287 2586 acz'e
316 2556 347 2587 ll.
410 2565 426 2586 2
454 2559 508 2588 lue
542 2558 684 2589 Buech.:
724 2570 765 2589 ue
798 2563 887 2596 (uae)
922 2559 954 2589 ll.
997 2563 1161 2600 patrium
1195 2558 1319 2590 Buech.
1359 2561 1490 2602 susum
1523 2557 1604 2587 Ald.

174 2609 239 2636 207
265 2601 354 2631 Non.
378 2602 437 2642 185
492 2612 503 2632 1
532 2615 657 2634 veram
682 2615 711 2634 v.
739 2604 758 2634 l.
810 2613 826 2634 2
853 2609 1069 2635 verruncant
1092 2605 1142 2635 ll.:
1170 2602 1333 2635 ‘vertant‘
