1747 2865
651 91 882 116 SATVRARVM
916 91 953 114 Π.
979 91 1021 114 H]
1480 100 1554 138 105

119 207 172 242 34
205 200 275 252 (69
289 200 322 251 s)
364 214 470 238 nunc
490 213 651 245 nomen,
673 202 752 238 iam
774 199 879 253 (iam)
903 213 1008 250 quae
1025 213 1073 238 ex
1090 201 1254 238 testibus
1272 201 1357 249 ipse
1374 201 1557 248 rogando

362 259 542 308 exculpo,
573 259 674 295 haec
705 259 837 295 dicam

118 320 170 356 35
205 314 291 366 (72)
361 317 393 353 si
432 316 590 353 natibus
629 316 822 353 natricem
853 315 1035 364 inpressit
1066 327 1238 352 crassam
1270 320 1308 351 et
1339 314 1555 362 capitatam

118 377 171 412 36
205 372 292 423 (73)
363 405 386 409 -
407 393 436 408 o
455 393 485 410 υ
504 404 530 410 -
548 392 577 409 o
597 392 626 408 o
656 372 696 408 in
726 372 887 421 bulgam
918 378 1127 421 penetrare
1158 372 1326 420 pilosam

117 434 167 470 37
203 428 290 480 (75)
364 430 483 466 vivite
514 430 706 474 lurcones,
739 430 996 473 comedones,
1028 429 1145 465 vivite
1177 428 1321 465 ventris

117 491 168 526 38
203 487 273 534 (78
289 485 343 537 ss)
366 499 461 523 nam
493 487 589 535 quid
621 487 799 523 moetino
830 487 1095 534 subrectoque
1127 486 1217 522 huic
1249 497 1350 533 opus
1383 485 1526 534 signo?

360 549 402 580 ut
432 544 646 580 lurcaretur
676 543 830 580 lardum
863 550 901 580 et
932 544 1109 579 carnaria
1140 543 1269 579 fartim

359 601 602 637 conficeret?

118 662 170 697 39
204 656 270 707 (82
287 656 320 707 s>
361 669 445 694 non
477 658 587 694 dico:
621 653 766 694 ‘vincat
796 653 920 693 licet':
954 663 993 693 et
1024 668 1144 705 vagus
1178 657 1266 693 exul
1301 663 1339 693 et
1371 663 1471 692 erret

359 714 474 750 exlex

117 776 170 810 40
204 770 273 821 (84
286 769 320 821 s)
363 766 498 819 ‘quam
528 771 660 820 lepide
703 771 800 808 lexis
832 777 1064 819 compostae
1095 778 1138 806 ut
1168 771 1382 807 tesserulae
1414 782 1554 806 omnes

358 834 441 864 arte
472 828 703 876 pavimento
735 834 856 876 atque
888 828 1125 864 emblemate
1157 823 1428 864 vermiculato'

117 889 168 923 41
203 884 288 934 (86)
359 880 559 922 ‘Crassum
587 885 720 921 habeo
750 897 951 934 generum,
984 896 1035 920 ne
1064 885 1369 922 rhetoricoterus
1402 891 1444 921 tu
1466 882 1556 921 seis*

116 946 169 980 42
203 940 289 992 (87)
362 938 472 990 ‘quid
503 942 628 978 dicis?
661 954 729 978 cur
761 949 819 979 est
849 943 995 978 facturn
1030 943 1140 990 quod
1172 942 1290 978 coicis
1322 937 1469 979 istuc³P

116 1002 169 1038 43
202 998 271 1049 (88
289 997 343 1049 ss)
366 994 580 1036 ‘Graecum
622 1005 671 1040 te,
713 999 865 1043 Albuci,
907 1010 1028 1047 quarn
1063 999 1291 1035 Romanum
1327 1006 1449 1048 atque
1486 999 1557 1035 Sa-

1344 1056 1495 1099 binum,

361 1113 604 1162 municipem
637 1113 763 1158 Ponti,
796 1113 959 1157 Tritani,
993 1113 1282 1156 centurionum,

360 1170 654 1218 praeclarorum
686 1170 895 1207 hominum
923 1182 970 1206 ac
990 1170 1208 1218 primorum
1230 1169 1553 1219 signiferumque,

361 1227 531 1264 maluisti
563 1227 648 1264 dici.
711 1226 864 1264 Graece
897 1238 988 1276 ergo
1020 1233 1180 1275 praetor
1211 1226 1391 1271 Athenis,

359 1284 400 1320 id
431 1285 542 1332 quod
573 1284 753 1329 maluisti,
785 1290 834 1327 te,
866 1296 957 1320 cum
989 1285 1042 1320 ad
1073 1296 1137 1320 me
1169 1284 1336 1328 accedis,
1368 1283 1514 1320 saluto:

360 1341 514 1385 chaere,
545 1341 718 1390 inquam,
760 1341 861 1378 Tite.
922 1340 1088 1385 lictores,
1129 1347 1259 1377 turma
1295 1340 1424 1377 omnis
1456 1341 1551 1377 cho-

1326 1409 1494 1446 rusque:

359 1449 542 1499 “chaere,
559 1450 688 1492 Tite”.
711 1455 804 1491 hinc
820 1455 944 1492 hostis
960 1456 1014 1491 mi
1031 1455 1233 1500 Albucius,
1255 1455 1347 1491 hinc
1359 1451 1554 1491 inimicus’

115 1515 169 1549 44
203 1510 271 1561 (97
289 1509 323 1561 s)
363 1517 406 1548 tu
436 1517 591 1560 partem
621 1511 748 1549 laudis
780 1523 955 1560 caperes,
985 1518 1028 1548 tu
1056 1512 1203 1561 gaudia
1233 1524 1391 1549 mecum

358 1569 544 1617 partisses

114 1713 159 1741 34
183 1705 274 1735 Non.
306 1711 367 1735 102
417 1715 511 1735 nunc
543 1705 756 1735 Nomentani
784 1716 871 1746 quae
894 1704 979 1735 Scal.
999 1703 1147 1735 Cichor.:
1183 1716 1214 1735 n.
1245 1704 1321 1746 (in)
1350 1716 1469 1736 nomen
1495 1705 1554 1735 Ma

114 1753 185 1781 iam
212 1748 321 1792 (iam)
349 1747 445 1781 Leo³
470 1749 536 1790 844
652 1759 695 1787 35
719 1750 811 1780 Non.
840 1749 880 1790 65
930 1747 1090 1791 ‘anguem
1125 1748 1314 1781 natantem’
1346 1750 1388 1781 de
1412 1751 1555 1781 obscena

113 1796 200 1826 virili
223 1801 318 1837 parte
410 1798 455 1832 36
477 1795 570 1825 Non.
593 1795 652 1834 187
702 1797 846 1837 vulgum
871 1795 924 1826 ll.:
952 1793 1056 1828 ἀσκόν
1082 1795 1284 1827 Graecorum
1394 1805 1437 1833 37
1462 1797 1553 1827 Non.

119 1849 168 1878 11,
187 1841 206 1872 8
246 1841 336 1872 Don.
351 1841 427 1872 Ter.
442 1839 579 1871 Phorm.
596 1840 660 1880 988
708 1844 815 1872 vivite
823 1854 835 1872 ,·
860 1844 992 1872 invitus
1009 1842 1098 1873 Don.
1117 1841 1150 1872 ll.
1177 1852 1207 1871 v.
1225 1841 1245 1871 1.
1287 1843 1459 1873 claucones
1478 1844 1554 1884 (gl-J

113 1887 203 1917 Don.
229 1886 262 1917 11.
311 1889 405 1918 vivit
425 1891 457 1918 et
482 1887 571 1916 Don.
591 1886 624 1917 ll.
650 1897 681 1917 v.
700 1886 720 1917 l.
770 1891 904 1918 ventres
930 1888 1020 1924 (-em)
1046 1887 1136 1917 Don.
1154 1887 1187 1917 ll.
1283 1890 1327 1924 38
1344 1888 1435 1918 Non.
1466 1896 1516 1924 11,
1540 1896 1550 1917 1

118 1940 129 1962 1
153 1929 291 1973 ‘phallo³
334 1934 478 1963 subiecto
497 1932 578 1962 trad.
627 1932 719 1963 hisce
744 1933 852 1963 verbis
870 1933 914 1963 ad
931 1932 1110 1964 Scaevolae
1128 1942 1251 1963 nomen
1270 1933 1375 1963 alludi
1394 1933 1479 1963 vidit
1496 1934 1555 1964 Ma

115 1977 220 2018 (proll.
246 1978 372 2009 XLIV
387 1980 413 2017 s)
475 1985 492 2007 2
520 1978 747 2009 lurcharetur
771 1978 853 2008 trad.
920 1986 937 2008 2
953 1988 967 2008 s
981 1980 1120 2020 fartim
1143 1979 1322 2020 conficeret
1344 1979 1416 2010 Leo
1441 1978 1552 2010 Cich.:

108 2028 241 2063 parum
265 2033 292 2054 c.
310 2022 383 2054 L¹:
397 2025 535 2065 fartim
552 2028 687 2064 parum
715 2024 892 2065 conficeret
908 2023 955 2055 G:
978 2025 1113 2063 furtim
1125 2030 1162 2065 p.
1180 2035 1205 2054 c.
1232 2024 1378 2055 Turneb.
1397 2024 1552 2055 Lachm.:

103 2070 240 2109 fartim
259 2074 370 2110 porro
394 2081 421 2101 c.
446 2069 507 2098 Ma
577 2077 622 2106 39
637 2069 728 2100 Non.
751 2077 791 2099 10
830 2071 902 2100 dico
931 2069 999 2100 scil.
1017 2080 1075 2111 ego
1091 2070 1256 2100 Albucius
1296 2073 1395 2101 vivat
1412 2070 1555 2101 Mueller

113 2125 216 2145 vacus
239 2124 270 2145 v.
295 2114 316 2144 1.
373 2115 488 2145 exulet
510 2113 561 2144 u.:
591 2114 826 2155 interpretatur
852 2120 885 2145 et
907 2113 972 2145 hoc
997 2120 1029 2145 et
1053 2115 1182 2155 singula
1206 2113 1302 2145 Leo⁸
1327 2115 1392 2156 844
1509 2126 1556 2153 40

115 2159 183 2190 Cic.
201 2159 243 2189 de
259 2170 306 2190 or.
326 2168 356 2199 3,
380 2167 438 2198 171
467 2169 513 2189 or.
539 2167 599 2199 149
636 2160 726 2190 Non.
752 2159 813 2190 188
851 2159 937 2190 Plin.
952 2166 1018 2191 nat.
1034 2159 1087 2200 36,
1111 2160 1169 2201 185
1208 2161 1248 2191 cf.
1266 2161 1381 2201 Quint.
1397 2169 1427 2201 9,
1441 2171 1472 2201 4,
1493 2170 1551 2202 113

113 2205 213 2235 verba
235 2204 414 2236 Scaevolae
462 2213 474 2234 Ι
502 2216 543 2235 ex
569 2207 596 2235 z's
620 2205 662 2235 de
680 2215 726 2236 or.
762 2208 961 2247 compositae
977 2205 1009 2236 ll.
1035 2212 1267 2247 praeterquam
1284 2210 1447 2247 conposui
1461 2207 1553 2238 Non.

114 2251 306 2282 tessurulae
318 2251 410 2281 Non.
450 2253 748 2291 zpavz‘menti(-a)
763 2251 850 2281 Plin.
890 2260 929 2288 4¹
952 2251 1019 2282 Cic.
1036 2251 1077 2282 de
1091 2257 1172 2282 orat.
1188 2260 1218 2291 3,
1238 2259 1295 2290 171
1325 2252 1365 2282 L.
1387 2252 1552 2283 Licinium

114 2296 271 2327 Crassum
296 2301 462 2326 oratorem
496 2295 747 2327 celeberrimum
773 2296 886 2327 laudat
910 2297 1069 2328 Scaevola
1139 2306 1183 2334 42
1209 2298 1299 2327 Non.
1324 2297 1387 2328 268
1430 2295 1478 2328 ‘in
1504 2310 1555 2329 me

114 2338 205 2373 z'acz's’
222 2341 282 2372 Ma
350 2350 395 2378 43
420 2341 490 2372 Cic.
510 2341 569 2371 fin.
592 2349 618 2378 Ι,
639 2350 658 2382 9
701 2341 860 2373 Scaevola
884 2352 958 2373 reus
984 2353 1084 2383 quare
1108 2342 1272 2373 Albucius
1299 2353 1336 2373 se
1352 2345 1553 2375 accusaverit

113 2387 278 2418 iudicibus
315 2387 453 2427 exponit
501 2385 520 2416 6
552 2397 629 2418 care
660 2397 690 2417 v.
724 2387 744 2417 l.
792 2389 974 2430 cohorsque
1007 2388 1179 2419 Manutius
1229 2395 1245 2426 7
1275 2391 1338 2419 cite
1368 2399 1453 2419 unus
1500 2391 1553 2420 lzz'c

115 2433 235 2473 (priore
252 2432 336 2471 loco)
354 2443 384 2462 v.
402 2432 422 2462 l.
464 2434 516 2462 mi
536 2441 590 2462 om
612 2442 696 2463 unus
757 2442 802 2469 44
826 2433 918 2465 Non.
939 2440 1001 2474 475
1048 2434 1172 2471 (liber
1195 2434 1282 2470 ΙΙΙ,
1308 2434 1369 2465 iter
1393 2434 1552 2471 Siculum,

113 2478 154 2509 cf.
179 2477 305 2519 Porph.
332 2478 416 2508 Hor.
440 2482 500 2508 sat.
526 2485 552 2514 Ι,
574 2484 604 2518 5,
626 2486 638 2507 Ι
678 2479 809 2509 Lucilio
833 2480 896 2510 hac
918 2484 1039 2520 satyra
1064 2480 1266 2510 aemulatur
1289 2481 1461 2512 Horatius
1487 2484 1552 2512 iter

111 2534 217 2555 suum
233 2535 255 2554 a
271 2525 381 2554 Roma
398 2524 634 2554 Brundesium
652 2535 760 2565 usque
775 2526 971 2561 describens,
989 2527 1081 2565 quod
1095 2530 1128 2555 et
1146 2526 1204 2555 ille
1223 2528 1259 2555 in
1281 2530 1319 2556 te
1330 2529 1421 2556 rtz'o
1441 2528 1502 2558 lib
1514 2539 1552 2558 ro

104 2570 207 2611 fecit,
224 2571 344 2610 primo
369 2581 390 2600 α
406 2570 514 2600 Roma
535 2570 690 2610 Capuam
715 2581 831 2611 usque,
856 2575 890 2600 et
909 2571 987 2601 inde
998 2572 1143 2613 fretum
1161 2572 1348 2611 Siciliense)
1397 2580 1408 2601 Ι
1439 2574 1552 2604 laudis

112 2614 181 2645 scil.
207 2617 344 2646 z'tz'nerzk
372 2615 492 2651 Siculi,
518 2614 569 2645 cui
593 2615 716 2646 amicus
743 2615 902 2646 interesse
926 2625 993 2646 non
1017 2621 1148 2657 poterat
