1747 2865
466 93 580 116 TRAG.
604 92 810 115 PRAETEXT.
836 92 978 116 COMICA
1003 93 1175 116 SATVRAE
1485 102 1535 139 47

107 205 188 241 368
221 204 317 251 (392
334 200 366 251 s)
409 201 564 238 animus
609 213 727 250 aeger
766 200 924 250 semper
964 207 1075 246 errat,
1118 201 1251 250 neque
1290 201 1373 250 pati
1406 214 1539 250 neque

1328 257 1482 307 perpeti

543 320 686 363 potest,
719 314 865 363 cupere
896 327 1117 364 numquam
1149 314 1295 352 desinit

106 375 188 412 369
220 371 336 421 (394)
406 370 475 421 qui
506 371 564 408 sui
595 377 784 420 quaestus
815 371 936 408 causa
966 372 1076 409 fictas
1108 372 1295 409 suscitant
1322 372 1540 409 sententias

106 432 188 469 370
219 429 335 478 (395)
403 429 522 478 flagiti
562 423 800 477 principium
842 434 899 465 est
937 430 1088 466 nudare
1118 428 1222 466 inter
1252 429 1344 466 civis
1374 430 1540 478 corpora

106 489 187 525 371
219 484 335 536 (397)
404 481 436 522 si
467 485 576 522 voles
606 485 814 521 advortere
845 485 1033 531 animum,
1066 486 1230 522 comiter
1254 487 1540 524 monstrabitur

106 546 187 582 372
220 542 318 592 (398
331 542 384 593 ss)
406 542 527 579 homo
560 542 627 591 qui
658 542 800 578 erranti
832 542 995 579 comiter
1025 544 1220 580 monstrat
1250 543 1354 580 viam

406 600 518 648 quasi
548 599 683 635 lumen
715 599 766 635 de
797 611 870 636 suo
901 600 1050 636 lumine
1081 600 1277 637 accendat
1308 601 1409 637 facit.

405 656 525 692 nihilo
557 656 686 692 minus
717 656 789 704 ipsi
820 657 933 701 lucet,
965 669 1054 693 cum
1085 657 1136 693 illi
1166 657 1394 694 accenderit

106 717 187 753 373
220 712 334 762 (402)
407 712 527 762 quem
558 718 740 750 metuunt
770 713 950 759 oderunt,
982 725 1102 762 quem
1133 714 1300 763 quisque
1332 714 1415 751 odit
1434 714 1538 763 peri-

1227 772 1303 808 isse
1335 771 1483 820 e'xpetit

106 830 188 867 374
220 825 336 877 (407)
403 858 430 864 -
444 846 473 862 o
487 859 513 863 -
527 847 594 863 0..
608 846 637 863 o
658 827 789 863 vivam
815 839 867 864 an
890 828 1032 864 moriar
1052 828 1160 864 nulla
1180 828 1220 864 in
1242 840 1307 864 me
1329 828 1387 865 est
1408 834 1537 865 metus

106 888 186 923 375
219 883 336 934 (408)
407 884 633 921 mulierem:
677 885 773 933 quid
814 885 943 933 potius
984 885 1114 921 dicam
1154 891 1223 921 aut
1257 885 1385 922 verius
1416 898 1538 934 quam

1276 942 1481 980 mulierem

106 1002 187 1037 376
219 996 335 1047 (409)
404 998 615 1035 benefacta
648 998 750 1035 male
780 999 910 1035 locaita
940 999 1149 1035 malefacta
1181 999 1346 1036 Arbitror

757 1169 895 1195 VARIA

106 1253 184 1289 377
248 1248 284 1297 (1
321 1247 443 1285 Satur.
486 1248 522 1285 V.
538 1248 568 1297 <2)
586 1248 690 1285 malo
708 1248 839 1285 he'rcle
856 1260 1002 1297 magno
1019 1249 1089 1285 suo
1107 1249 1292 1285 convivat
1307 1249 1394 1286 sine
1411 1250 1535 1287 modo

106 1311 186 1346 378
248 1304 289 1355 (6
302 1307 333 1352 s)
375 1300 495 1342 ‘Enni
525 1311 647 1354 poeta
677 1305 795 1349 salve,
831 1306 899 1354 qui
929 1306 1160 1342 mortalibus

377 1362 511 1399 versus
542 1363 730 1411 propinas
761 1362 972 1399 flammeos
1003 1363 1229 1399 medullitus

105 1424 187 1459 379
220 1418 287 1468 (14
301 1419 355 1467 ss)
378 1418 527 1468 quippe
557 1420 642 1456 sine
673 1432 766 1456 cura
796 1418 922 1456 laetus
953 1420 1080 1456 lautus
1113 1432 1203 1456 cum
1235 1420 1400 1456 advenis

376 1475 524 1513 infertis
555 1476 678 1521 malis,
711 1476 899 1525 expedito
930 1477 1128 1521 bracchio,

377 1532 508 1570 alacer
538 1534 675 1578 celsus,
706 1533 846 1582 lupino
879 1539 1094 1582 expectans
1125 1529 1289 1582 impetu,

378 1603 473 1627 mox
503 1602 593 1627 cum
625 1590 783 1628 alterius
816 1591 1023 1640 abligurizis
1054 1591 1172 1635 bona,

378 1647 473 1696 quid
504 1647 643 1684 censes
674 1648 838 1684 domino
862 1660 947 1684 esse
970 1648 1119 1684 animi?
1151 1660 1224 1696 pro
1246 1648 1381 1683 divum
1402 1648 1537 1692 fidem,
1558 1663 1573 1688 5

343 1712 345 1714 ’
375 1704 440 1741 ille
469 1704 589 1741 tristis
621 1710 680 1741 est
711 1705 808 1740 dum
839 1705 971 1741 cibum
1007 1704 1146 1749 servat,
1186 1711 1228 1741 tu
1259 1700 1390 1741 ridens
1422 1717 1536 1741 voras

106 1765 188 1801 380
220 1762 288 1811 (57
303 1762 336 1807 s)
376 1761 452 1798 11όο
493 1762 563 1798 erit
602 1761 672 1798 tibi
714 1761 990 1810 argumentum
1027 1761 1185 1810 semper
1224 1762 1263 1798 in
1304 1762 1536 1810 promptum

1341 1819 1478 1855 situm:

377 1875 428 1911 ne
460 1875 556 1924 quid
588 1875 792 1923 exspectes
822 1876 972 1912 amicos
1005 1875 1112 1924 quod
1144 1881 1227 1912 tute
1249 1887 1365 1924 agere
1386 1875 1536 1924 possies

106 1936 185 1971 381
220 1935 289 1981 (59
302 1930 356 1982 ss)
377 1944 472 1969 nam
505 1932 571 1981 qui
601 1932 734 1980 lepide
764 1933 937 1981 postulat
967 1933 1134 1969 alterum
1165 1932 1339 1969 frustrari

378 2001 499 2038 quem
530 1990 738 2026 frustratur
767 1990 907 2026 frustra
939 2002 1030 2025 eum
1061 1989 1155 2025 dicit
1185 1990 1326 2026 frustra
1359 2001 1455 2026 esse.

106 2113 173 2148 368
197 2110 264 2142 Cic.
283 2112 380 2143 Tusc.
400 2120 430 2151 3,
449 2119 466 2152 5
562 2114 629 2149 369
653 2111 720 2143 Cic.
739 2112 804 2142 div.
827 2121 854 2149 1,
873 2111 914 2143 88
953 2114 1052 2154 ficta,
1067 2115 1188 2155 factas
1212 2124 1241 2143 v.
1268 2112 1288 2142 l.
1376 2121 1443 2149 370
1467 2112 1536 2143 Cic.

105 2157 205 2188 Tusc.
224 2166 256 2197 4,
275 2163 317 2195 70
394 2166 454 2194 37¹
484 2158 581 2188 Varr.
599 2157 676 2198 ling.
697 2164 726 2196 7,
745 2157 786 2196 89
865 2167 930 2195 372
956 2158 1023 2189 Cic.
1041 2159 1102 2189 off.
1125 2167 1151 2194 1,
1170 2165 1207 2198 51
1225 2168 1240 2189 s
1293 2167 1305 2188 1
1323 2172 1365 2184 Ξ
1380 2158 1474 2188 Balb.
1495 2158 1537 2197 36

107 2202 158 2241 (cf.
177 2202 237 2232 off.
258 2210 288 2242 3,
308 2204 360 2243 54)
444 2211 510 2240 373
536 2202 603 2234 Cic.
621 2203 682 2233 off.
704 2211 733 2239 2,
754 2211 792 2243 23
820 2203 861 2234 cf.
882 2204 944 2235 Ov.
963 2214 1027 2234 am.
1048 2212 1077 2241 2,
1098 2212 1128 2240 2,
1149 2212 1187 2234 Io
1214 2205 1308 2235 Hier.
1328 2204 1424 2244 epist.
1445 2203 1498 2241 82,
1517 2211 1535 2243 3

106 2256 173 2284 374
196 2247 290 2278 Paul.
308 2248 401 2279 Fest.
424 2256 484 2288 123
590 2257 656 2285 375
681 2247 786 2279 Rhet.
804 2249 883 2279 min.
912 2259 944 2290 p.
963 2249 994 2286 8,
1018 2249 1056 2280 18
1071 2260 1102 2280 ss
1139 2249 1178 2279 cf.
1198 2250 1276 2280 Eur.
1295 2249 1354 2289 frg.
1377 2248 1441 2279 666
1466 2246 1538 2279 Ν.2

107 2289 134 2324 ὦ
159 2291 377 2338 παγκακίστη
401 2292 460 2325 καὶ
484 2292 590 2339 γυνή·
615 2292 646 2325 τί
674 2294 742 2338 γὰρ
766 2292 878 2338 λέγων
896 2293 1011 2338 μεῖζόν
1030 2306 1067 2327 σε
1083 2292 1176 2326 τοῦδ’
1195 2293 1323 2333 ὄνειδος
1342 2292 1471 2332 ἐξείποι
1486 2305 1538 2332 τις

107 2335 161 2374 ἄνῖ
247 2341 315 2375 376
339 2338 406 2370 Cic.
425 2339 484 2370 off.
506 2347 535 2376 2,
554 2341 595 2372 62
644 2341 799 2381 beneficia
824 2351 854 2370 v.
880 2340 900 2372 l.
972 2349 1037 2378 377
1062 2341 1153 2371 Non.
1172 2347 1238 2381 474
1280 2342 1387 2379 (satu
1398 2350 1537 2370 rarum

106 2383 178 2415 lib.
203 2385 230 2423 Ι)
277 2395 338 2415 suo
363 2396 486 2426 magno
509 2384 542 2416 ll.
618 2387 685 2421 378
710 2385 799 2415 Non.
820 2384 895 2426 133.
914 2383 1002 2426 2139
1039 2386 1165 2425 (liber
1189 2386 1268 2423 ΙΙΙ)
1322 2394 1333 2416 1
1362 2388 1461 2416 ennio
1484 2390 1538 2416 eta

104 2431 193 2461 selve
208 2427 324 2460 Non.l
345 2429 377 2460 ll.
426 2438 493 2468 379
509 2431 598 2462 Don.
617 2431 692 2461 Ter.
710 2430 845 2462 Phorm.
865 2439 930 2471 339
967 2431 1092 2471 (liber
1116 2432 1188 2470 VI)
1228 2440 1244 2461 2
1264 2433 1475 2473 :inferetis
1494 2446 1534 2457 =

107 2477 265 2506 inanibus
288 2475 334 2505 V.
376 2483 394 2515 3
423 2478 550 2517 impetu
573 2481 749 2517 expectans
764 2476 797 2507 ll.
840 2486 860 2517 4
878 2489 983 2519 quam
1000 2489 1078 2508 mox
1094 2477 1123 2507 ci
1142 2477 1295 2508 Muretus
1334 2478 1402 2508 abl·
1420 2477 1534 2508 Leid.:

106 2522 171 2552 obl·
202 2521 300 2551 Vat.:
335 2522 493 2562 ablingas
524 2522 598 2554 cod.
631 2521 761 2553 Cuiac.:
793 2524 940 2554 ablim'as
975 2523 1070 2554 Riec.
1104 2522 1213 2554 Oxon.
1275 2530 1291 2563 5
1318 2524 1470 2554 dominos
1501 2522 1534 2553 ll.

107 2564 127 2596 6
151 2577 278 2597 vorans
301 2565 334 2596 11.
406 2569 473 2603 380
498 2567 583 2600 Gell.
602 2575 631 2604 2,
652 2575 703 2607 29,
726 2574 762 2607 15
802 2567 883 2607 (lib.
909 2568 1111 2608 incertus)
1156 2576 1172 2598 2
1200 2573 1238 2599 tu
1262 2580 1362 2610 agere
1373 2571 1484 2610 posszsss
1501 2567 1534 2599 ll.

107 2613 167 2648 38¹
197 2611 283 2643 Gell.
306 2611 356 2650 18,
375 2620 405 2649 2,
430 2619 445 2650 7
