1747 2865
199 128 250 166 68
765 130 841 153 SEX.
867 130 1058 153 TVRPnlvs

198 243 249 278 12
283 238 350 289 (35
366 238 399 289 s)
444 259 471 274 o
490 270 517 276 -
536 260 564 273 o
583 270 609 275 -
629 245 670 275 at
702 234 822 274 etiam
852 237 1010 286 ineptus
1031 234 1145 275 meus
1170 238 1266 274 mihi
1288 245 1346 275 est
1364 234 1484 276 iratus
1504 244 1627 288 pater,

441 295 534 344 quia
563 290 606 331 se
636 295 786 332 talento
817 290 969 343 argenti
999 295 1106 344 tetigi
1137 291 1260 332 veteri
1282 295 1467 344 exemplo
1487 292 1627 332 aman-

1472 352 1571 389 tium

198 413 250 449 13
284 408 352 459 (37
365 408 419 458 ss)
443 420 536 458 ergo
568 404 714 457 edepol
745 409 864 445 docta
895 405 1005 448 dico:
1038 420 1142 457 quae
1171 404 1311 445 mulier
1341 409 1448 445 volet

439 461 515 502 sibi
555 478 670 502 suum
711 466 884 502 amicum
925 477 1011 502 esse
1046 462 1321 514 indulgentem
1353 471 1392 502 et
1421 461 1628 510 diutinum,

439 522 598 559 modice
629 519 752 571 atque
780 534 900 571 parce
931 523 1014 559 eius
1045 518 1190 559 serviat
1221 518 1430 571 cupidines

201 582 252 618 14
283 577 368 630 (40)
440 579 534 628 quia
564 575 648 616 non
678 579 809 616 minus
840 591 901 616 res
931 575 1139 616 hominem
1171 591 1292 628 quam
1323 574 1456 616 scutus
1480 579 1575 628 tegit

200 640 250 675 15
284 634 371 687 (42)
442 631 583 674 mulier
608 637 803 681 meretrix,
836 632 940 685 quae
961 649 1026 673 me
1048 637 1201 685 quaesti
1222 632 1343 673 causa
1364 632 1553 685 cognovit
1572 636 1631 673 sui

200 697 250 732 16
285 691 354 743 (46
367 691 401 743 s)
442 689 605 742 apertae
625 705 751 736 surae,
771 690 957 730 bracchia
976 700 1112 731 autem
1134 689 1299 742 procera
1316 688 1521 730 horrorem
1536 693 1632 729 mihi

441 763 489 787 ex
521 746 643 787 corde
674 747 970 788 exsuscitabant

200 811 248 845 17
284 805 356 857 (50
367 805 421 857 ss)
445 807 518 844 ST.
553 819 705 856 quaeso
738 803 894 856 edepol,
927 819 1008 856 quo
1035 813 1129 844 ante
1155 802 1285 844 lucem
1307 814 1345 844 te
1366 802 1496 844 subito
1517 806 1631 855 rapis,

441 876 516 909 ere,
548 877 639 901 cum
670 860 751 901 uno
783 865 939 913 puero?
982 864 1068 901 PH.
1100 859 1261 912 nequeo
1293 876 1379 901 esse
1406 865 1522 908 intus,
1543 859 1631 900 Ste-

1414 921 1575 970 phanio.

440 977 514 1015 ST.
561 979 656 1027 quid
701 979 785 1015 ita?
837 978 923 1015 PH.
966 977 1009 1014 ut
1048 977 1187 1023 solent,
1228 990 1292 1014 me
1333 973 1452 1015 curae
1489 989 1633 1014 somno

1369 1030 1578 1084 segregant

439 1089 629 1141 forasque
658 1092 786 1129 noctis
819 1088 993 1129 excitant
1023 1087 1176 1128 silentio

202 1152 251 1188 18
286 1146 403 1199 (56s)
447 1161 568 1198 quam
600 1145 729 1198 legere
760 1156 799 1186 te
830 1149 1027 1198 optimum
1059 1144 1161 1185 esset
1191 1155 1312 1197 atque
1337 1144 1633 1197 aequissimum,

443 1218 615 1255 quacum
647 1202 757 1243 aetas
789 1207 973 1256 degenda
1005 1202 1043 1242 et
1074 1206 1290 1242 vivendum
1321 1201 1426 1242 esset
1454 1205 1525 1242 tibi

201 1267 251 1302 19
286 1260 355 1313 (66
368 1261 402 1313 s)
448 1259 582 1312 ecquis
620 1259 679 1301 est
710 1264 778 1312 qui
810 1259 1063 1312 interrumpit
1098 1258 1327 1299 sermonem
1357 1275 1493 1299 meum
1524 1257 1635 1299 obitu

1472 1315 1576 1356 suo?

199 1380 251 1416 20
285 1374 373 1427 (68)
444 1373 515 1414 sed
547 1377 638 1414 volo
669 1383 712 1413 ut
743 1373 892 1414 familia
922 1382 1057 1414 nostra
1087 1373 1222 1414 officia
1247 1372 1432 1426 fungatur
1461 1388 1532 1413 sua

201 1437 253 1472 21
287 1433 354 1484 (72
369 1432 424 1484 ss)
448 1430 558 1471 ducit
589 1447 654 1472 me
684 1446 842 1471 secum:
874 1429 1090 1483 po'stquam
1120 1434 1173 1470 ad
1204 1435 1348 1470 aedem
1380 1429 1569 1477 venimus,

443 1487 656 1528 veneratur
685 1492 795 1535 deos,
827 1487 978 1527 interea
1008 1491 1162 1539 aspexit
1191 1487 1384 1539 virginem

443 1545 668 1593 instantem,
700 1549 740 1584 in
771 1548 899 1597 capite
930 1544 1093 1584 siculam
1124 1548 1307 1584 indutam
1339 1543 1527 1584 ostrinam

202 1608 254 1643 22
289 1603 357 1655 (75
371 1603 405 1655 s)
449 1617 539 1642 erus
570 1601 752 1654 stupidus
782 1606 934 1642 adstat:
967 1601 1023 1641 ita
1055 1605 1137 1642 eius
1169 1600 1354 1653 aspectus
1385 1616 1528 1653 repens

448 1674 516 1699 cor
546 1658 765 1711 tolporavit
793 1658 947 1699 homini
977 1673 1114 1699 amore

202 1722 255 1759 23
289 1717 356 1768 (77
371 1717 405 1770 s)
992 1715 1058 1756 n'is
1089 1720 1142 1755 ad
1172 1719 1255 1755 illas
1286 1715 1526 1768 commigrat:

442 1772 667 1813 habitamus
698 1776 873 1813 hiemem
903 1772 1030 1813 totam
1063 1788 1154 1812 cum
1184 1771 1421 1812 mulierculis

203 1836 256 1871 24
289 1831 376 1883 (79)
449 1829 717 1878 Rhodiensist‚
749 1834 820 1870 sed
850 1833 949 1870 istuc
979 1829 1237 1882 commigravit
1265 1830 1345 1869 iam
1376 1833 1445 1868 diu

203 1893 256 1928 25
289 1888 377 1940 (81)
448 1887 630 1927 hortatur
659 1890 876 1935 hominem,
909 1886 1030 1939 quam
1061 1890 1235 1938 primum
1264 1885 1535 1938 proficisceret

205 2068 245 2089 12
269 2059 361 2090 Non.
381 2058 446 2100 408
507 2067 520 2090 1
549 2062 600 2090 mi
621 2059 728 2089 Ribb.
780 2067 796 2089 2
822 2055 1058 2090 ‘circumveni‘
1103 2061 1241 2089 amanti
1260 2058 1292 2089 11.
1399 2067 1440 2095 ¹3
1462 2058 1554 2090 Non.
1573 2065 1638 2098 342

203 2105 481 2145 (Demiurgus
507 2103 732 2150 Δημιουργὸς
756 2105 945 2143 Menandri)
996 2112 1012 2134 2
1039 2116 1174 2135 summa
1200 2107 1295 2143 (-am)
1321 2107 1466 2135 amicam
1491 2104 1524 2135 ll.
1598 2112 1640 2140 14

201 2150 294 2181 Non.
316 2151 382 2181 226
414 2151 455 2182 cf.
472 2151 633 2181 Boeotiae
650 2150 829 2181 Menandri
845 2150 905 2191 frg.
921 2158 964 2190 90
978 2150 1026 2181 K.
1052 2147 1201 2188 πλοῦτος
1218 2147 1253 2181 δὲ
1274 2147 1412 2182 πολλῶν
1431 2146 1639 2192 ὲπικάλυμμ’

203 2193 292 2228 ἐστὶν
317 2201 432 2228 κακῶν
540 2205 580 2233 15
605 2197 696 2227 Non.
715 2196 778 2236 483
889 2199 931 2226 16
954 2197 1045 2226 Non.
1066 2195 1130 2235 236
1234 2204 1275 2232 17
1300 2196 1400 2226 Prisc.
1422 2195 1484 2226 GL
1501 2196 1555 2226 III
1572 2201 1636 2235 425

203 2241 452 2282 (Epiclerus
479 2242 520 2272 cf.
538 2239 754 2286 Ἐπὶκληρος
773 2242 951 2272 Menandri
969 2242 1028 2278 frg.
1052 2242 1113 2281 164
1129 2241 1176 2271 K.
1203 2237 1258 2285 ἆρ’
1283 2239 1354 2273 ἐστὶ
1379 2239 1511 2273 πάντων
1537 2239 1638 2285 ἀγρυ-

202 2285 282 2318 wia
306 2284 522 2321 λαλίστατον.
549 2286 609 2331 ἐμὲ
635 2290 718 2330 γοῦν
743 2285 968 2332 ἀναστήσασα
991 2284 1084 2331 δευρὶ
1103 2285 1293 2330 προάγεται
1310 2284 1428 2318 λαλεῖν
1446 2283 1505 2318 ἀπ’
1524 2285 1639 2331 ἀρχῆς

203 2331 311 2364 πάντα
343 2332 399 2365 τὸν
429 2331 577 2378 ἐμαυτοῦ
606 2331 690 2374 βίον)
751 2341 767 2362 2
794 2330 1024 2364 ‘Philoxenus'
1051 2342 1100 2362 ex.
1125 2342 1172 2372 gr.
1230 2340 1248 2372 3
1274 2344 1295 2363 a
1318 2343 1432 2363 somno
1458 2331 1480 2362 ll
1599 2334 1639 2362 18

202 2377 294 2408 Non.
313 2386 377 2418 332
426 2387 438 2409 1
467 2375 611 2421 ‘eligere’
635 2389 701 2409 esse
725 2377 757 2408 ll.
784 2384 914 2419 praeter
937 2388 1041 2408 unum
1084 2385 1100 2407 2
1126 2380 1276 2419 vegenda
1291 2383 1323 2408 et
1341 2379 1524 2408 iubendum
1542 2379 1637 2414 (vzb)

202 2433 267 2453 esse
293 2428 315 2454 t.
342 2424 374 2454 ll.
510 2434 552 2462 19
574 2424 666 2455 Non.
695 2431 758 2464 357
809 2435 921 2465 ecquzs
946 2424 1105 2461 Bentley:
1131 2428 1181 2454 set
1205 2427 1282 2465 quis
1311 2424 1415 2454 Ribb.
1465 2419 1638 2454 ‘adventu’

203 2476 248 2498 2ο
271 2469 362 2499 Non.
391 2477 454 2510 497
504 2472 582 2501 vola
606 2480 636 2499 v.
662 2469 683 2501 l.
813 2479 851 2500 21
881 2471 972 2500 Non.
999 2469 1088 2510 ¹539
1151 2477 1198 2500 25
1223 2484 1266 2495 Ξ
1293 2467 1380 2509 ²549
1418 2468 1637 2506 (Hetaera)

205 2520 223 2552 3
250 2516 434 2546 instantem
451 2516 543 2547 Non.
556 2514 584 2546 ¹:
612 2518 770 2546 iniectam
788 2515 879 2546 Non.
892 2514 904 2532 ²
930 2517 1089 2546 inlectam
1108 2514 1253 2545 Buech.:
1279 2517 1330 2545 z'bz'
1348 2518 1494 2546 stantem
1513 2513 1637 2543 Ribb.:

205 2560 394 2590 intrantem
412 2561 452 2591 al.
495 2564 531 2592 in
544 2573 569 2591 c.
584 2572 611 2592 0.
627 2563 647 2592 ι’.
663 2573 692 2592 r.
714 2561 819 2591 R1bb.
846 2558 1043 2592 ‘subrubeus
1060 2585 1067 2592 .
1087 2585 1094 2591 .
1115 2585 1121 2591 .
1139 2557 1336 2591 sudarr'um’
1404 2568 1448 2589 22
1464 2559 1554 2589 Non.
1578 2558 1637 2588 182

207 2611 223 2633 2
250 2600 458 2646 ‘torpefecz‘t’
551 2615 595 2643 23
619 2607 711 2637 Non.
731 2605 796 2647 526
889 2616 934 2643 24
958 2607 1050 2637 Non.
1074 2612 1134 2644 127
1184 2607 1384 2636 Rhodz‘ensis
1406 2608 1456 2635 est
1477 2603 1509 2633 11.
1595 2614 1639 2641 25

202 2649 294 2680 Non.
313 2657 380 2690 470
414 2654 576 2692 primum
600 2650 679 2693 (ut)
699 2651 842 2683 Bothius
