1747 2865
192 103 267 141 108
790 107 821 130 c.
847 107 1012 130 chtLrvs

190 219 240 253 74
273 213 388 265 (160)
460 211 631 267 su<bi)cit
661 214 752 251 huic
782 215 962 260 fulcrum,
993 215 1205 252 fulmentas
1236 222 1425 265 quattuor
1453 217 1566 254 addit

189 276 238 309 75
273 270 366 321 (161
385 270 418 321 s)
460 272 599 308 haeret
629 273 824 309 verticulis
859 272 1039 309 adfixum
1069 273 1110 308 in
1140 273 1361 321 posteriore

457 334 570 376 parte
600 334 721 378 atque
752 329 941 366 articulis:
983 341 1088 374 nam,
1129 335 1172 365 ut
1201 330 1317 367 nobis
1347 331 1447 367 talus
1477 343 1622 379 genus-

1387 399 1476 435 que,
1508 394 1567 424 est

189 446 239 480 76
273 439 370 491 (166
383 440 416 491 s)
459 442 500 478 hi
531 454 626 490 prae
657 454 700 479 se
730 448 891 491 portant
921 444 1100 492 ingentes
1131 456 1297 481 munere
1328 444 1456 492 pisces

458 498 616 547 triginta
647 512 814 536 numero

190 560 235 593 77
273 553 388 604 (168)
458 556 612 605 longior
642 557 705 593 hic
738 569 860 605 quam
890 569 989 606 grus,
1030 570 1124 606 grue
1155 564 1238 594 tota
1270 570 1359 594 cum
1391 558 1498 594 volat
1529 559 1622 594 olim

190 617 238 650 78
273 612 370 661 (169
383 610 416 661 s)
459 613 682 661 Tisiphone
714 614 835 650 Titini
877 614 1131 662 pulmonibus
1162 621 1283 663 atque
1314 615 1433 663 adipe
1463 627 1623 664 unguen

459 676 669 706 excoctum
700 671 838 715 attulit,
871 671 1141 708 Eumenidum
1172 671 1420 708 sanctissima
1452 671 1623 720 Erinys?

189 730 237 763 79
271 724 307 775 (1
320 735 339 772 7
347 727 386 772 31
458 739 630 775 cumque
647 727 710 763 1116
727 733 809 763 13111
822 729 1046 765 formonsus
1059 729 1182 765 homo
1195 741 1240 765 ac
1257 735 1296 765 te
1314 728 1454 777 dignus
1472 729 1625 777 puellus

188 787 238 820 80
272 781 369 832 <174
384 781 437 833 ss)
462 785 583 831 quod,
621 784 651 820 si
683 785 790 820 nulla
821 790 953 833 potest
984 786 1123 821 mulier
1154 792 1235 822 13111
1266 797 1434 834 corpore
1466 786 1566 822 duro

461 852 557 885 esse,
589 847 726 877 tamen
757 847 897 878 tenero
928 848 1100 887 maneat,
1133 843 1199 891 qui
1230 854 1346 879 sucus
1379 842 1538 887 lacerto,

459 904 497 934 et
529 910 670 934 manus
705 895 933 950 uberi<bus)‚
965 899 1126 936 lactanti
1158 900 1197 935 in
1229 900 1394 943 sumine,
1427 900 1529 936 sidat

187 958 235 991 81
271 952 368 1002 (170
382 952 415 1003 s)
456 955 689 1004 adsequitur
720 968 794 992 nec
825 957 1071 1004 opinantem,
1103 957 1143 992 in
1175 962 1294 1005 caput
1324 956 1452 998 insilit,
1494 957 1622 1004 ipsum

463 1013 807 1049 conmanducatur
838 1019 967 1050 totum
998 1013 1195 1061 conplexa
1227 1019 1460 1062 comestque

187 1070 238 1105 82
272 1065 365 1117 (181
385 1066 438 1117 ss)
462 1080 542 1116 quo
574 1081 639 1106 me
670 1069 844 1106 habeam
875 1075 1005 1118 pacto,
1037 1076 1119 1106 tam
1151 1071 1223 1108 etsi
1246 1083 1328 1107 non
1350 1071 1517 1119 quaeris,
1549 1071 1625 1107 do-

1457 1128 1567 1171 cebo,

460 1183 624 1230 quando
670 1184 709 1219 in
757 1196 805 1220 eo
851 1196 1019 1221 numero
1069 1185 1197 1221 mansi
1243 1196 1323 1233 quo
1367 1185 1407 1220 in
1453 1185 1626 1221 maxima

1397 1253 1479 1278 non
1512 1247 1569 1278 est

460 1308 550 1344 pars
581 1297 789 1334 hominum
822 1294 844 1349 (.
869 1327 875 1334 .
899 1295 922 1350 .)

190 1355 241 1390 83
274 1351 371 1400 (184
385 1354 439 1398 ss)
461 1359 504 1389 ut
533 1350 728 1406 per(i>isse
759 1355 864 1399 velis,
897 1367 1018 1404 quem
1050 1355 1175 1393 visere
1206 1355 1390 1399 nolueris,
1421 1367 1512 1392 cum

460 1411 655 1448 debueris.
717 1412 795 1448 hoc
831 1407 1030 1450 ‘nolueris'
1064 1418 1102 1449 et
1131 1407 1345 1449 ‘debueris³
1377 1418 1417 1449 te

459 1468 490 1504 si
506 1468 636 1505 minus
653 1468 836 1513 delectat,
854 1470 964 1518 quod
981 1469 1183 1507 atechnon
1201 1475 1240 1506 et
1250 1469 1531 1506 Eissocratium
1548 1469 1628 1506 hoc

460 1524 698 1574 lerodesque
729 1526 843 1562 simul
875 1532 1003 1564 totum
1034 1539 1081 1564 ac
1111 1527 1448 1575 symmiraciodes,

460 1594 543 1618 non
574 1594 738 1631 operam
770 1584 907 1632 perdo,
950 1583 981 1620 si
1012 1589 1055 1620 tu
1086 1583 1150 1620 hic

187 1679 230 1706 74
255 1670 345 1700 Non.
375 1670 438 1701 206
486 1672 567 1702 hnic
590 1672 658 1702 scil.
678 1674 826 1713 spondae
849 1674 1006 1715 fuldum
1031 1674 1113 1704 trad.
1150 1670 1267 1714 ‘pedes’
1383 1682 1427 1710 75
1450 1673 1542 1703 Non.
1564 1680 1626 1712 207

187 1716 227 1745 cf.
254 1716 346 1746 Fest.
367 1722 445 1756 371,
465 1724 502 1746 21
523 1717 618 1747 Paul.
637 1718 729 1748 Fest.
750 1725 818 1758 370
870 1727 881 1748 1
911 1715 1098 1750 ‘vertebras’
1134 1720 1291 1761 adfixum
1320 1718 1388 1749 scil.
1419 1730 1454 1750 os
1484 1718 1565 1749 illud
1594 1719 1627 1750 in

186 1761 273 1793 collo
289 1762 448 1802 positum,
475 1772 542 1803 quo
567 1762 713 1794 flectitur
737 1774 989 1805 quoquoversus
1015 1770 1114 1806 caput
1140 1765 1220 1803 (Ma)
1268 1774 1287 1795 2
1313 1767 1408 1795 novis
1434 1765 1515 1795 trad.
1585 1769 1632 1803 76

187 1807 278 1837 Serv.
296 1813 380 1838 auct.
399 1810 486 1838 Aen.
510 1816 559 1845 10,
581 1816 646 1848 329
688 1817 700 1839 1
718 1809 801 1848 bill.
839 1811 929 1841 milzz'
937 1815 1054 1853 gentes
1070 1810 1102 1840 ll.
1141 1810 1277 1841 clientes
1290 1814 1435 1851 agrestes
1452 1815 1627 1851 patronum

186 1853 359 1883 salutaturi
430 1863 472 1890 77
490 1854 581 1884 Non.
604 1854 667 1885 208
701 1856 755 1886 hic
778 1855 846 1886 scil.
866 1858 973 1897 piscis
1007 1867 1158 1898 congrus
1181 1854 1319 1886 Lachm.
1391 1858 1434 1892 78
1452 1857 1543 1887 Non.
1562 1865 1625 1897 427

191 1907 201 1928 1
232 1900 372 1941 tz'sffone
396 1902 498 1930 tz‘tene
518 1899 550 1930 ll.
599 1902 730 1931 adirem
756 1912 908 1943 unguem
925 1901 958 1932 ll.
1008 1910 1025 1932 2
1052 1903 1395 1933 atzcliezcmenidibus
1413 1901 1445 1931 ll.
1481 1902 1523 1932 de
1553 1913 1628 1933 con-

186 1945 259 1974 viva
284 1944 393 1975 cibum
421 1945 612 1976 fastidiente
637 1947 689 1987 agi
713 1947 797 1977 vidit
816 1947 875 1977 Ma
923 1957 967 1984 79
992 1948 1083 1978 Non.
1114 1946 1175 1988 158
1208 1948 1299 1978 Fest.
1323 1955 1386 1987 249
1415 1947 1506 1978 Suet.
1525 1948 1628 1979 Prisc.

187 1990 247 2020 GL
264 1991 300 2021 H
329 1998 404 2030 232,
429 1999 440 2020 1
474 1993 650 2031 formosus
674 1991 707 2022 ll.
743 1998 873 2033 praeter
902 2003 1004 2023 unum
1034 1993 1140 2023 Nonii
1173 1994 1273 2024 homo
1298 1993 1390 2023 Fest.
1420 1993 1541 2024 Prisc:
1569 1997 1629 2025 tib]

186 2036 277 2066 Non.
308 2036 377 2067 scil.
396 2037 439 2067 sit
465 2037 525 2067 tibi
549 2043 681 2077 praesto
706 2039 740 2068 in
765 2048 864 2079 quem
890 2039 1053 2079 impetum
1080 2039 1180 2069 facias
1206 2039 1287 2077 (Ma)
1374 2041 1419 2069 8ο
1442 2039 1534 2070 Non.
1562 2039 1627 2080 458

187 2089 203 2110 2
231 2093 297 2122 que
320 2082 401 2112 trad.
453 2090 470 2121 3
497 2079 671 2114 emamma’
810 2086 848 2114 8¹
879 2084 969 2114 Non.
990 2083 1087 2124 ¹477.
1115 2083 1212 2124 2478.
1240 2082 1300 2114 ³81
1358 2093 1368 2113 1
1399 2096 1504 2125 neque
1520 2085 1626 2115 Non.¹

187 2135 203 2156 2
241 2129 553 2159 conmanducatam
578 2127 687 2159 Non.l
735 2131 937 2170 conplexum
968 2128 1078 2160 Νοη.2
1124 2132 1292 2171 comisque
1324 2130 1406 2160 trad.
1444 2130 1547 2160 feram
1573 2132 1628 2161 be-

185 2173 283 2203 stiam
302 2173 412 2214 potius
430 2173 679 2214 intelligendam
705 2181 816 2205 censet
833 2176 892 2205 Ma
917 2185 1017 2216 quam
1042 2175 1226 2206 mulierem.
1269 2185 1413 2216 quocum
1438 2185 1534 2206 versu
1553 2187 1627 2207 con-

186 2218 291 2249 iunxit
325 2218 417 2250 Cich.
456 2218 518 2259 164
549 2225 772 2250 concztrsaret
801 2232 913 2263 agros,
949 2223 1079 2252 catulos
1100 2223 1291 2263 fetumque
1321 2222 1418 2260 ferai
1449 2220 1566 2263 (ferat
1593 2222 1624 2252 ll.

187 2264 278 2294 Non.
297 2266 374 2305 457)
413 2264 481 2295 scil.
501 2267 634 2296 invenit
656 2270 800 2296 venator
847 2269 890 2297 82
917 2266 1001 2297 Gell.
1021 2266 1070 2303 18,
1089 2266 1120 2304 8,
1141 2275 1158 2297 2
1185 2266 1312 2305 (liber
1329 2267 1364 2297 V
1400 2267 1441 2297 cf.
1467 2275 1477 2296 1
1501 2265 1626 2311 ὅμοιο-

187 2307 326 2341 τὲλευτα
353 2335 359 2340 .
380 2334 386 2340 .
406 2335 413 2341 .
437 2314 614 2352 ceteraque
645 2312 847 2342 huiusmodi
874 2315 1075 2343 scitamenta
1103 2338 1108 2342 .
1128 2337 1133 2342 .
1156 2336 1162 2341 .
1189 2323 1293 2353 quam
1318 2315 1391 2343 sint
1414 2314 1571 2343 insubida
1593 2318 1628 2343 et

187 2358 316 2386 mertia
340 2360 372 2386 et
389 2357 557 2396 puerilia,
579 2358 783 2397 facetissime
808 2359 919 2388 lzercle
933 2359 1108 2400 significat
1124 2361 1160 2388 in
1177 2361 1336 2399 quinto
1359 2363 1624 2389 saturarum

186 2401 350 2432 Lucilius.
400 2413 482 2432 nam
505 2404 569 2433 ubi
588 2407 638 2433 est
660 2414 738 2433 cum
762 2406 869 2434 amico
894 2408 1104 2445 conquestus,
1131 2405 1223 2445 quod
1244 2405 1291 2434 ad
1311 2415 1345 2434 se
1360 2407 1540 2445 aegrotum
1558 2414 1624 2434 non

185 2448 319 2484 viseret,
346 2448 425 2478 haec
450 2449 571 2478 ibidem
595 2450 693 2479 addit
706 2450 915 2491 festivitas)
943 2449 1002 2489 frg.
1019 2448 1149 2489 82—85
1170 2448 1311 2479 frustula
1328 2449 1488 2489 epistulae
1506 2453 1624 2490 poetae

185 2491 228 2520 ad
253 2491 395 2522 amicum
421 2492 519 2523 datae
569 2501 586 2523 2
602 2503 617 2524 s
642 2493 709 2524 scil.
736 2498 956 2525 mortuorum
1003 2497 1048 2531 83
1073 2494 1157 2525 Gell.
1185 2494 1236 2532 18,
1262 2494 1293 2531 8,
1321 2502 1338 2524 2
1393 2502 1405 2524 1
1433 2493 1623 2534 praemittas

185 2545 235 2566 ex.
253 2546 300 2575 gr.
325 2541 363 2568 tu
380 2540 471 2568 enim
489 2540 557 2569 tali
568 2541 721 2570 socordia
738 2550 770 2570 es
789 2540 870 2578 (Ma)
908 2547 926 2579 3
941 2542 987 2571 eis
1002 2543 1189 2571 socratium
1209 2541 1323 2578 (-czcm)
1341 2540 1392 2569 vel
1408 2541 1622 2570 ezsocratium

185 2580 249 2619 (vel
273 2583 347 2622 -est)
373 2582 424 2615 ll.:
451 2581 680 2628 Ἰσοκράτειον
728 2592 746 2624 3
761 2594 777 2615 s
801 2582 1044 2630 Ιῑοχληρωδες,
1079 2582 1284 2631 ὃχληρωδες
1309 2585 1382 2615 sim.
1407 2583 1459 2614 vel
1479 2594 1545 2614 om.
1570 2583 1622 2615 ll.:

184 2636 237 2657 em
261 2625 321 2657 Ma
364 2637 385 2668 4
407 2631 442 2659 si
463 2630 656 2660 multorum
673 2640 703 2661 V.
723 2630 744 2660 l.
768 2633 1046 2672 symmiracz'odes
1067 2632 1177 2668 (-t2'o·)‚
1210 2642 1274 2672 syn
1299 2631 1504 2666 miratiodes,
1528 2640 1621 2671 sym-
