1747 2865
236 119 287 145 20
852 107 886 135 Q.
907 106 1044 129 ENNIVS

549 223 587 254 et
617 216 733 254 simul
765 229 814 253 ex
844 216 924 253 alto
956 216 1074 265 longe
1104 215 1382 263 pulcherruma
1411 228 1581 266 praepes

548 275 661 311 laeva
691 273 838 310 volavit
866 273 958 310 avis.
991 272 1106 309 simul
1136 284 1278 309 aureus
1310 273 1484 309 exoritur
1513 274 1582 318 sol,

545 332 694 368 cedunt
725 331 776 367 de
807 330 919 367 caelo
949 336 1008 366 ter
1037 335 1226 379 quattuor
1256 341 1425 378 corpora
1454 336 1590 367 sancta

544 388 687 433 avium,
728 387 984 436 praepetibus
1024 399 1112 424 sese
1142 386 1397 436 pulchrisque
1426 387 1523 423 locis
1557 388 1664 424 dant.

546 445 740 494 conspicit
769 445 864 481 inde
895 444 969 481 sibi
1000 444 1094 481 data
1125 443 1320 480 Romulus
1352 455 1438 481 esse
1468 443 1608 492 priora,

543 503 721 551 auspicio
752 502 862 550 regni
892 501 1062 538 stabilita
1093 512 1256 538 scamna
1287 501 1497 549 solumque

231 565 282 600 28
345 568 414 609 (99
428 558 461 609 s)
504 554 609 597 eenec
644 559 711 608 pol
743 559 866 595 homo
899 559 1111 607 quisquam
1141 558 1258 595 faciet
1287 558 1438 607 inpune
1469 558 1666 595 animatus

504 617 582 653 hoc
612 616 685 653 nisi
716 622 778 652 tu:
820 628 914 653 nam
946 615 999 651 mi
1030 615 1158 652 calido
1190 616 1262 651 das
1293 615 1484 664 sanguine
1513 626 1666 663 poenas

422 674 433 721 )
504 674 683 723 virgines,
705 685 800 709 nam
822 673 895 710 sibi
917 673 1087 722 quisque
1109 672 1219 709 domi
1236 672 1443 709 Romanus
1464 672 1588 709 habet
1603 683 1666 709 sas

231 735 284 772 30
317 730 432 781 (102)
503 743 594 767 cum
625 742 814 779 superum
845 730 979 766 lumen
1009 741 1091 766 nox
1121 730 1360 778 intempesta
1390 735 1543 766 teneret

420 788 432 838 )
503 783 626 824 “nam
656 789 693 823 vi
725 788 956 836 depugnare
987 798 1075 823 sues
1107 786 1238 823 stolidi
1269 786 1370 823 soliti
1400 792 1492 823 sunt

421 845 432 895 )
505 840 738 882 “aeternum
770 845 929 881 seritote
960 845 1067 881 diem
1099 844 1350 880 concorditer
1379 844 1500 880 ambo

504 971 546 996 se
577 959 809 996 fortunatim
840 958 1002 995 feliciter
1033 970 1079 994 ac
1110 958 1215 994 bene
1245 963 1374 994 vortat

340 1018 434 1066 109)
505 1029 529 1053 o
561 1016 652 1053 Tite
684 1022 767 1052 tute
797 1016 887 1052 Tati
919 1015 987 1052 tibi
1020 1020 1130 1051 tanta
1160 1020 1329 1063 tyranne
1360 1014 1479 1051 tulisti

340 1085 353 1110 1
369 1072 483 1122 loss)
505 1080 670 1123 pectora
690 1105 716 1110 -
736 1095 765 1109 o
785 1079 896 1110 tenet
925 1072 1178 1116 desiderium,
1216 1071 1329 1108 simul
1362 1072 1462 1108 inter

503 1143 591 1168 sese
621 1131 677 1168 sic
708 1136 952 1167 memorant:
987 1124 1039 1166 “o
1074 1129 1254 1173 Romule,
1287 1128 1457 1165 Romule
1488 1128 1563 1172 die,

504 1188 664 1237 qualem
695 1194 734 1224 te
765 1187 916 1236 patriae
947 1187 1154 1224 custodem
1182 1186 1222 1221 di
1247 1186 1488 1234 genuerunt!

505 1258 529 1281 o
560 1251 672 1294 pater
703 1257 726 1281 o
757 1245 911 1293 genitor
941 1256 966 1281 o
997 1255 1175 1292 sanguen
1207 1243 1267 1280 dis
1296 1243 1528 1279 oriundum!

502 1309 544 1338 tu
575 1302 797 1351 produxisti
827 1313 901 1338 nos
932 1302 1034 1337 intra
1065 1300 1221 1336 luminis
1253 1311 1341 1337 oras

230 1364 282 1400 36
315 1359 460 1410 (1158)
503 1355 729 1396 “Romulus
759 1360 800 1395 in
831 1359 943 1396 caelo
975 1370 1066 1395 cum
1098 1358 1158 1394 dis
1187 1357 1423 1406 genitalibus
1454 1368 1598 1394 aevum

503 1418 610 1466 degit

229 1478 279 1514 37
316 1473 432 1524 (119)
503 1474 568 1511 olli
598 1474 806 1522 respondit
835 1473 965 1510 suavis
997 1484 1118 1509 sonus
1150 1471 1305 1520 Egeriai

338 1542 415 1568 12o
428 1530 461 1581 s)
505 1543 664 1568 mensas
695 1530 900 1568 constituit
930 1530 1120 1578 idemque
1151 1528 1293 1565 ancilia
1317 1559 1343 1564 -.
1363 1548 1392 1564 o

502 1589 662 1637 libaque
692 1589 850 1624 fictores
883 1587 1035 1636 Argeos
1067 1592 1106 1623 et
1135 1586 1324 1622 tutulatos

338 1645 430 1695 102)
501 1641 669 1695 “ingens
700 1657 794 1682 cura
824 1645 898 1681 mis
929 1657 1018 1680 cum
1051 1643 1318 1681 concordibus
1349 1642 1608 1691 aequiperare

337 1702 430 1753 133)
501 1698 669 1739 “adnuit
699 1714 787 1739 sese
818 1714 976 1739 mecum
1008 1702 1224 1738 decernere
1255 1701 1358 1737 ferro

232 1870 271 1902 14
287 1862 471 1892 etsimulv.
482 1860 502 1891 l.
534 1859 573 1891 16
581 1861 718 1901 pulcris
733 1859 817 1891 Gell.
848 1866 885 1898 17
895 1861 1156 1900 przoraecorr.:
1171 1860 1356 1899 propriam
1368 1856 1449 1887 trad.
1503 1859 1548 1887 28
1560 1857 1664 1887 Macr.

227 1913 287 1938 sat.
304 1907 334 1944 6,
353 1916 380 1944 1,
398 1914 434 1947 15
462 1907 503 1937 cf.
518 1906 609 1937 Serv.
624 1911 709 1937 auct.
723 1907 812 1936 Aen.
827 1913 858 1944 9,
873 1912 939 1945 420
979 1913 991 1935 1
1014 1916 1080 1935 non
1098 1915 1128 1934 V.
1143 1904 1163 1934 l.
1203 1912 1220 1933 2
1239 1904 1334 1941 mihi,
1351 1904 1447 1934 dabis
1463 1902 1554 1933 Serv.
1574 1903 1602 1934 F
1606 1901 1663 1933 lor.

226 1953 268 1984 de
304 1953 409 1984 Remi
441 1952 549 1993 agitur
578 1952 715 1983 interim
831 1960 876 1988 ²9
899 1951 990 1981 Fest.
1021 1958 1081 1991 525
1108 1949 1204 1980 Paul.
1223 1949 1314 1980 Fest.
1333 1956 1399 1989 324
1455 1950 1666 1980 Sabinorum

227 2001 327 2030 reddi
349 2010 416 2030 non
435 2002 585 2039 possunt
615 1997 777 2038 intellegit
800 1997 845 2027 V.
877 1997 919 2027 cf.
938 1996 1079 2037 Dionys.
1103 2003 1131 2032 2,
1151 2002 1205 2035 37,
1225 2004 1246 2035 4
1293 1991 1368 2025 ‘eas’
1492 2002 1537 2030 30
1561 1995 1664 2025 Macr.

226 2050 286 2076 sat.
306 2043 336 2082 6,
361 2053 388 2081 1,
412 2053 450 2084 14
493 2045 623 2074 tenebat
646 2054 675 2073 v.
694 2043 714 2073 1.
809 2051 847 2079 ³¹
879 2042 969 2073 Fest.
989 2048 1052 2082 317
1093 2040 1260 2072 Hersiliae
1283 2040 1384 2071 verba
1422 2040 1464 2070 cf.
1483 2040 1567 2070 Hes.
1585 2049 1663 2080 opp.

228 2097 290 2131 273
306 2100 338 2121 ss
384 2091 505 2121 stolz‘dz'
533 2091 638 2120 solidi
658 2088 731 2119 cod.
781 2085 907 2120 ‘stulti’
1012 2096 1055 2125 32
1081 2086 1179 2118 Char.
1199 2087 1260 2118 GL
1276 2087 1293 2117 I
1315 2084 1377 2125 196
1424 2085 1492 2116 scil.
1517 2086 1666 2116 Romule

225 2141 260 2167 et
287 2137 360 2167 Tite
389 2137 470 2167 Tati
561 2143 604 2172 33
628 2135 721 2165 Non.
744 2143 801 2165 111
859 2142 870 2164 1
898 2144 937 2164 ea
961 2133 1028 2164 scil.
1055 2144 1117 2164 res.
1166 2133 1208 2164 cf.
1233 2130 1382 2163 Vahleni
1406 2131 1482 2161 adn.
1533 2139 1550 2161 2
1577 2128 1664 2172 ‘pro-

225 2183 329 2223 spere'
386 2190 430 2219 34
448 2181 549 2212 Prisc.
569 2180 631 2211 GL
644 2181 679 2211 Π
698 2187 758 2220 591
787 2180 907 2221 Pomp.
927 2178 988 2210 GL
1007 2179 1042 2209 V
1060 2186 1122 2218 303
1150 2179 1192 2209 cf.
1207 2177 1312 2208 Rhet.
1327 2177 1409 2207 Her.
1423 2186 1456 2217 4,
1474 2185 1524 2214 12,
1547 2176 1584 2207 18
1609 2175 1666 2207 alii

226 2229 268 2258 de
293 2228 393 2258 Tatio
418 2238 437 2258 a
462 2226 683 2257 Laurentibus
711 2232 861 2256 truncato
932 2233 976 2262 35
1001 2224 1070 2255 Cic.
1088 2234 1157 2265 rep.
1180 2232 1206 2261 1,
1225 2222 1268 2264 64
1317 2231 1334 2253 2
1349 2233 1381 2253 ss
1406 2237 1449 2249 =
1474 2223 1567 2253 Lact.
1585 2222 1662 2252 inst.

230 2282 258 2311 Ι,
282 2280 332 2314 15,
351 2281 389 2313 31
448 2282 525 2313 4=
540 2272 641 2302 Prisc.
661 2271 723 2302 GL
739 2272 774 2302 Π
793 2279 858 2312 250
902 2279 913 2300 Ι
943 2272 1005 2301 diu
1029 2270 1124 2301 addit
1142 2269 1209 2300 Cic.
1250 2270 1457 2300 desiderium
1479 2267 1548 2299 scil.
1574 2270 1664 2310 reglis

227 2322 264 2350 in
305 2320 495 2361 Olympum
526 2320 633 2349 evecti
689 2325 706 2356 3
733 2319 787 2348 dz'z'
809 2316 892 2348 trad.
956 2323 985 2356 5.
1012 2325 1032 2356 4
1057 2316 1149 2346 Lact.
1210 2325 1231 2355 4
1250 2317 1410 2357 genitor:
1434 2316 1575 2355 patriae
1599 2312 1663 2351 (vel

220 2371 258 2406 p.
279 2367 328 2407 g.)
354 2365 447 2395 Lact.
569 2365 614 2400 36
638 2362 729 2394 Serv.
750 2364 838 2393 Aen.
858 2361 888 2399 6,
911 2361 975 2402 764
1007 2362 1049 2392 cf.
1068 2361 1188 2401 Pomp.
1206 2359 1427 2391 wandinschr.
1447 2358 1508 2398 781
1535 2363 1569 2389 et
1593 2357 1662 2389 Cic.

227 2411 326 2442 Tusc.
349 2418 376 2447 1,
395 2409 436 2441 28
463 2408 557 2449 (cum
581 2411 647 2440 diis
671 2411 748 2450 agit
770 2409 910 2447 aevum)
972 2416 984 2437 Ι
1012 2409 1077 2438 dz'z‘s
1103 2406 1186 2437 trad.
1289 2415 1331 2443 37
1356 2405 1454 2436 Varr.
1474 2404 1551 2445 ling.
1571 2410 1601 2442 7,
1619 2412 1660 2443 42

229 2455 352 2494 (liber
376 2456 430 2496 ΙΙ)
488 2454 555 2486 scil.
580 2455 717 2486 Numae
762 2456 860 2496 egrz’cz
875 2456 911 2485 ,J
927 2453 1000 2483 cod.
1125 2454 1169 2489 38
1193 2452 1290 2482 Varr.
1311 2451 1386 2491 ling.
1408 2457 1437 2489 7,
1455 2458 1495 2490 43
1510 2459 1525 2480 s
1575 2457 1592 2479 2
1619 2463 1662 2475 =

226 2500 317 2532 Fest.
336 2508 399 2542 355
427 2501 468 2532 cf.
489 2500 583 2532 Paul.
603 2501 633 2530 F
635 2505 694 2531 est.
714 2506 780 2540 354
822 2508 833 2529 1
856 2498 1011 2539 intellege
1027 2499 1182 2530 Numam
1220 2505 1237 2527 2
1257 2499 1391 2538 liboque
1407 2496 1436 2526 F
1439 2502 1516 2527 est.:
1544 2496 1663 2526 Salzba

228 2547 290 2585 (Sa
314 2556 332 2577 e
357 2548 503 2587 dittogr.)
529 2557 617 2588 quae
641 2545 714 2577 cod.
771 2542 935 2576 ‘tutulatz'
961 2546 1048 2576 dz‘ctz·
1075 2545 1122 2581 Izi,
1156 2546 1221 2585 qui
1243 2546 1280 2573 in
1303 2544 1410 2574 sacris
1434 2544 1471 2571 in
1493 2542 1663 2581 capitzbus

226 2593 348 2624 habere
370 2594 479 2624 solent
503 2596 545 2623 ut
567 2588 702 2623 metam³
726 2591 823 2621 Varr.
927 2599 971 2627 39
995 2590 1099 2620 Prisc.
1119 2589 1181 2620 GL
1197 2589 1251 2619 111
1271 2596 1289 2628 3
1338 2583 1432 2618 ‘mei'
1473 2586 1596 2617 Horati
1619 2585 1662 2616 de

228 2638 407 2669 certamine
431 2637 534 2668 verba
626 2646 672 2674 40
695 2637 798 2667 Prisc.
817 2636 879 2667 GL
896 2636 931 2666 Π
949 2642 1015 2676 504
1061 2637 1191 2666 annuit
1213 2633 1296 2664 trad.
