1747 2865
116 198 168 235 32
202 194 316 245 (127)

117 312 170 348 33
203 306 316 360 (130)

116 426 170 462 34
203 422 347 473 (1338)

118 540 170 575 35
203 535 319 587 (135)

118 654 171 689 36
204 648 346 700 (136s)

121 824 172 859 37
207 818 350 870 (1403)

651 86 808 109 SCENICA
832 85 1001 108 TRAGICA

1495 91 1544 128 75

388 191 519 247 (deae)
538 194 745 232 Minervae
762 190 915 230 donum
931 188 1188 241 armipotenti
1205 192 1337 229 Danai
1353 187 1548 228 abeuntes

1356 249 1492 285 dicant

386 304 461 346 nos
501 308 691 346 continuo
732 304 877 344 ferrum
919 307 1116 355 eripimus,
1159 302 1342 343 menibus
1372 305 1549 342 manicas

1310 358 1492 399 neximus

388 423 450 459 vel
479 422 542 458 hic
574 418 642 471 qui
673 434 738 458 me
768 427 904 470 aperte
935 417 1128 458 effrenata
1158 416 1395 469 inpudentia

386 475 640 528 praesentem
671 491 860 527 praesens
891 474 1005 514 dictis
1036 483 1205 514 mertare
1235 473 1375 514 institit

392 536 486 585 quid
517 532 628 585 agis?
675 536 881 584 perturbas
922 547 1005 571 rem
1048 530 1211 572 emnem
1251 545 1298 570 ac
1333 528 1550 581 resupinizs,

1383 601 1495 627 soror

386 681 413 687 ..
432 669 462 687 ψ
481 681 507 686 -
537 645 688 698 quante
730 649 854 698 magis
885 654 924 685 te
954 645 1065 685 istius
1096 647 1207 684 modi
1238 659 1324 685 esse
1355 642 1551 696 intellego,

386 703 509 751 tento,
542 707 755 755 Antigona,
796 702 920 755 magis
956 718 1021 742 me
1051 717 1123 753 par
1153 710 1211 742 est
1241 701 1313 741 tibi
1344 703 1552 741 consulere

1258 767 1296 798 et
1332 758 1496 809 percere

391 815 502 865 heus,
533 816 676 869 vigiles,
708 816 930 868 properate,
963 815 1164 868 expergite

390 873 552 926 pectora
582 874 696 914 tarda
727 872 883 925 sopore,
916 871 1130 925 exsurgite!

121 937 173 973 38
212 944 285 980 142
301 931 332 986 s)
382 966 408 971 -
427 954 457 971 ψ
476 966 502 972 -
521 955 550 972 ψ
570 966 596 971 .-
615 954 644 971 o
665 965 689 971 -.
709 953 739 970 υ
758 934 884 970 ..iam
914 933 994 970 iam
1025 945 1159 982 neque
1190 928 1233 969 di
1263 938 1403 981 regunt

120 1108 175 1200 {3
206 1103 353 1212 {{5‡Z³)S>

390 987 523 1040 neque
577 992 758 1040 profecto
809 986 929 1027 deum
979 1002 1156 1027 summus
1206 1002 1276 1026 rex
1325 985 1554 1025 heminibus

1284 1043 1394 1083 curet
1423 1067 1453 1082 υ
1472 1077 1498 1081 -

393 1105 490 1154 quid
522 1110 590 1150 est,
621 1101 690 1142 ci'ir
711 1116 955 1153 componere
975 1099 1080 1141 afisis
1102 1103 1198 1140 mihi
1218 1109 1257 1140 te
1278 1109 1347 1140 aut
1368 1098 1433 1139 me
1454 1102 1552 1138 tibi?

392 1182 463 1199 -υ
481 1194 508 1199 -
527 1181 557 1199 υ
576 1158 671 1198 nem
702 1168 912 1210 tropaeum
943 1157 1045 1198 ferre
1074 1173 1139 1198 me
1170 1172 1193 1197 a
1224 1156 1316 1197 forti
1347 1160 1430 1196 viro

390 1215 572 1268 pulcrum
603 1225 681 1256 est:
714 1219 744 1256 si
775 1225 909 1256 autem
941 1214 1086 1263 vincar,
1118 1218 1220 1254 vinci
1252 1215 1275 1253 ἐι
1305 1217 1372 1253 tali
1403 1217 1555 1253 nullum

1213 1270 1273 1311 est
1307 1275 1498 1322 probrum

392 1333 508 1370 huius
539 1329 604 1369 me
636 1333 783 1370 dividia
814 1328 918 1381 cogit
948 1333 1035 1381 plus
1066 1343 1187 1381 quarn
1220 1337 1278 1368 est
1308 1328 1380 1380 per
1409 1330 1519 1379 loqui

393 1386 521 1427 maier
551 1391 623 1427 erit
652 1390 789 1435 luctus,
821 1385 911 1426 ci'im
943 1401 1008 1426 me
1039 1390 1275 1425 damnatum
1307 1383 1443 1425 afidiet

391 1443 523 1484 virtuti
552 1448 603 1484 sis
634 1459 715 1496 par,
747 1443 882 1496 dispar
917 1442 1085 1483 fortunis
1117 1446 1236 1494 patris

394 1505 498 1550 hem,
539 1500 679 1541 vereor
714 1505 800 1553 plus
834 1516 954 1552 quam
986 1500 1044 1539 fas
1076 1508 1135 1539 est
1170 1503 1370 1551 captivum
1405 1497 1558 1539 hiscere

394 1558 489 1598 nem
519 1574 601 1599 non
632 1561 745 1598 facile
776 1557 863 1598 sine
894 1561 1015 1598 deum
1047 1571 1170 1608 opera
1200 1556 1378 1596 humana
1398 1558 1558 1607 propria

1271 1611 1364 1653 si'mt
1393 1616 1502 1652 bona

395 1675 462 1725 qui
494 1671 630 1712 nestra
660 1688 731 1724 per
762 1675 840 1711 vim
872 1671 997 1724 petria
1027 1670 1237 1723 populavit
1266 1674 1375 1710 bona

396 1733 547 1769 utinam
587 1728 747 1769 {inicam
786 1733 840 1768 mi
880 1727 1100 1769 antistitam
1136 1726 1404 1780 Arquitenens
1446 1741 1558 1766 suam

394 1785 561 1826 tutetur!

398 1847 495 1883 nihil
526 1842 648 1884 credo
679 1846 900 1895 auguribus,
934 1846 1001 1894 qui
1031 1841 1134 1882 ai'iris
1166 1845 1294 1881 verbis
1325 1840 1494 1880 divitant

395 1899 554 1949 alienas,
585 1915 675 1940 suas
707 1909 750 1939 ut
779 1898 876 1940 auro
907 1898 1149 1951 locupletent
1180 1903 1324 1939 domos

126 2070 169 2098 32
194 2061 286 2093 Serv.
311 2067 396 2093 auct.
421 2063 509 2092 Aen.
537 2070 568 2098 2,
589 2068 626 2100 17

670 2061 713 2100 (D
724 2061 760 2092 ei
772 2072 793 2102 p
802 2060 825 2091 h
833 2061 883 2092 ob
892 2072 914 2091 u
924 2063 949 2100 s)
987 2063 1230 2102 armipotentes
1256 2059 1288 2089 ll.
1383 2067 1427 2095 33
1457 2057 1559 2089 Prisc.

127 2107 188 2138 GL
204 2108 241 2138 II
257 2106 324 2148 469
352 2106 495 2146 Eutych.
515 2108 576 2138 GL
589 2107 624 2138 V
642 2106 705 2147 485
740 2109 934 2147 arripl'mus
966 2106 1109 2147 Eutych.
1127 2117 1157 2136 V.
1176 2105 1195 2135 l.
1230 2107 1385 2136 omnibus
1402 2106 1560 2135 manibus

126 2152 270 2191 Eutych.
296 2153 393 2183 codd.
420 2153 502 2183 duo:
538 2155 694 2184 omnibus
718 2152 864 2191 Eutychi
889 2153 986 2183 codd.
1012 2151 1080 2182 rell.
1106 2152 1207 2182 Prisc.

127 2209 148 2228 a
166 2204 273 2239 parte
295 2198 328 2229 ll.

127 2243 231 2274 Macr.
256 2249 317 2275 sat.
337 2242 367 2280 6,
386 2251 416 2280 2,
438 2250 474 2282 17
517 2252 529 2274 1
552 2246 720 2274 z'stz'modz‘
734 2243 871 2274 Ritschl

1317 2159 1362 2187 34
1385 2149 1477 2181 Non.
1498 2157 1560 2189 139
1582 2170 1586 2173 -

439 2207 482 2235 35
505 2198 596 2229 Non.
621 2197 680 2238 165
724 2198 973 2238 (Antigona)
1015 2194 1205 2238 ‘pervertffl
1239 2199 1355 2227 sorori
1368 2194 1400 2225 ll.
1518 2198 1562 2232 36

999 2252 1042 2280 37
1068 2243 1158 2274 Non.
1181 2250 1243 2283 104
1291 2238 1562 2282 ‘expergej‘acz'te’

129 2292 172 2325 38
196 2290 302 2321 Macr.
327 2294 386 2320 sat.
414 2288 445 2327 6,
475 2298 502 2325 1,
529 2296 570 2329 59
631 2297 648 2319 2
675 2291 830 2320 omnibus
855 2289 937 2319 trad.
977 2289 1018 2320 cf.
1044 2286 1173 2331 Ἀντιγ.
1199 2296 1259 2327 921
1284 2297 1316 2317 ss
1342 2293 1375 2318 et
1399 2284 1495 2317 Leo²
1521 2294 1562 2316 10

128 2343 173 2372 39
196 2335 288 2365 Non.
308 2341 369 2374 257
397 2335 632 2374 (Armorum
658 2335 883 2374 iudicium)
922 2339 952 2366 te
968 2346 1007 2365 ac
1023 2346 1075 2365 me
1100 2334 1218 2364 Herm.

127 2426 220 2456 Non.
240 2424 283 2465 96
323 2422 497 2457 ‘taedium³

134 2479 160 2509 1,
183 2470 226 2512 58
273 2468 364 2510 Αἴας
390 2478 482 2512 5505

1303 2342 1349 2369 40
1372 2332 1475 2363 Macr.
1500 2337 1560 2362 sat.

129 2379 159 2417 6,
186 2388 213 2418 1,
230 2379 271 2421 56
322 2388 339 2410 2
364 2383 460 2411 vinci
481 2381 620 2411 nullum
644 2385 694 2411 est
716 2392 736 2410 α
762 2385 783 2410 t.
803 2386 863 2421 pr.
889 2379 1000 2421 Bergk
1036 2381 1175 2411 nullum
1206 2376 1292 2421 (mi)
1322 2378 1429 2408 Ribb.
1517 2387 1556 2414 41

612 2435 657 2462 42
681 2426 772 2456 Non.
806 2424 870 2464 276
894 2426 935 2456 cf.
964 2423 1052 2464 Αἴας
1077 2424 1141 2465 462
1250 2433 1295 2461 43
1319 2425 1424 2455 Macr.
1451 2427 1512 2454 sat.
1531 2422 1561 2460 6,

620 2480 666 2508 44
689 2472 781 2501 Non.
803 2480 865 2502 120
911 2474 1083 2512 captivam
1110 2471 1214 2501 Grote
1261 2466 1381 2511 ‘loqui'
1517 2477 1562 2505 45

129 2517 222 2547 Non.
241 2516 305 2556 362
348 2528 416 2548 non
441 2526 494 2547 om
521 2526 595 2557 pars
612 2516 645 2547 ll.
683 2527 724 2547 an
736 2519 886 2557 propria
907 2516 1085 2547 humana?
1110 2515 1226 2546 Delrio
1261 2511 1449 2556 ‘perpetua’
1518 2517 1564 2551 46

128 2563 221 2593 Non.
239 2569 302 2603 471

355 2563 607 2603 (Astyanax)

657 2567 811 2593 nostram
835 2572 865 2592 v.
894 2562 915 2593 l.
986 2571 1030 2599 47
1056 2562 1147 2592 Non.
1167 2560 1231 2602 487
1285 2569 1297 2591 1
1326 2562 1418 2592 mihi
1437 2559 1470 2591 11.
1517 2563 1563 2597 48

129 2608 222 2638 Non.
248 2615 289 2648 95
317 2607 402 2639 Gell.
427 2616 476 2648 14,
499 2616 526 2644 Ι,
545 2615 586 2648 34
639 2616 650 2637 1
679 2610 792 2639 verris
815 2610 973 2639 devitant
995 2618 1025 2637 v.
1051 2607 1072 2637 l.
1123 2615 1140 2636 2
1166 2608 1285 2638 domus
1310 2606 1395 2638 Gell.
1421 2610 1504 2648 optt.
