1747 2865
225 98 238 124 1
246 86 271 124 6
278 97 297 123 2
766 88 953 112 PVBLrLIVS
989 90 1101 113 svssvs

219 202 272 238 34
323 196 382 248 (7)
492 192 586 234 Hesi
618 209 739 246 quam
770 197 955 233 miserum
987 203 1046 234 est
1076 193 1126 233 fib
1159 209 1207 234 eo
1239 198 1353 242 laedi,
1387 194 1438 234 de
1465 211 1546 247 quo
1566 211 1650 236 non

1325 250 1457 303 possis
1484 256 1593 303 queri

219 315 272 351 35
323 309 411 361 (27)
493 305 661 346 Homini
701 316 785 346 tum
826 310 938 346 deest
978 306 1187 347 consilium
1223 323 1314 346 cum
1345 312 1468 348 multa
1498 308 1651 350 invenit

219 372 272 407 36
323 367 370 417 (I
373 366 442 416 50)
491 362 680 403 Inii'iriam
711 362 864 403 facilius
896 367 1016 403 facias
1048 363 1169 415 quz'zm
1199 367 1302 404 feras

218 428 270 464 37
324 425 361 472 (5
369 423 409 473 5)
491 418 681 459 Inisiriam
716 424 801 471 ipse
831 423 953 460 facias
984 419 1051 460 fibi
1081 435 1165 461 non
1201 420 1378 461 vindices

399 479 411 530 )
492 475 729 516 Inii'iriarum
760 476 981 517 remedium
1013 486 1072 517 est
1102 476 1251 517 oblivio

494 536 541 590 111
572 532 723 573 millum
754 549 894 573 avarus
926 533 1055 574 benus
1087 543 1156 581 est,
1187 538 1227 573 in
1259 550 1301 574 se
1331 533 1526 586 pessimus

402 593 413 643 )
490 593 669 641 Inprobe
694 589 931 642 Neptimum
955 600 1125 639 accusat,
1147 594 1214 643 qui
1236 590 1381 631 iterum
1402 591 1650 645 naufragii'xm

1502 653 1595 689 facit

217 708 293 745 41*
326 705 413 757 (56)
488 707 528 760 {s
559 703 726 744 minimo
758 713 846 756 eget
876 704 1061 750 1n0rte'llis‚
1094 708 1160 756 qui
1192 703 1399 744 minimi'im
1431 709 1538 757 cupit

401 763 413 814 )
488 763 552 801 Ita
591 765 764 801 amicum
804 764 965 809 habeas,
1011 760 1130 813 pesse
1170 770 1213 801 ut
1252 765 1377 810 facile,
1419 761 1504 802 fieri
1544 766 1651 803 hunc

1242 817 1448 859 inlmlcfim
1478 829 1593 871 putes

220 881 272 916 43
324 875 412 927 (28)
493 873 623 914 Iudex
653 878 877 922 damnatur,
909 873 977 914 1'1bi
1007 890 1158 915 nocens
1189 874 1406 915 absc'flvitur

217 937 270 972 44
322 933 372 983 (L
392 933 456 984 12)
489 932 642 983 inpsus
675 936 797 972 semel
828 930 896 971 ubi
918 935 980 980 sis,
1012 935 1061 972 sit
1081 941 1149 971 tua
1170 931 1299 983 cfilpa,
1331 936 1362 972 si
1384 936 1525 973 iterum
1546 933 1649 974 ceci-

1491 994 1594 1030 deris

218 1051 270 1086 45
339 1048 396 1084 M
401 1047 470 1097 54)
490 1048 645 1085 Malum
677 1044 735 1085 est
766 1048 985 1089 consilium.
1017 1044 1127 1097 quch
1160 1049 1303 1085 mutari
1333 1045 1416 1085 nen
1447 1056 1580 1098 potest

217 1108 270 1143 46
342 1103 409 1154 7ο)
490 1101 661 1142 Monere
692 1118 774 1142 non
806 1101 948 1154 punire
978 1102 1181 1142 stultitiz'nn
1213 1106 1330 1142 decet

218 1164 267 1199 47
341 1160 380 1211 2)
491 1159 630 1199 Multis
661 1163 842 1207 minatur,
875 1163 942 1211 qui
974 1162 1041 1198 sini
1072 1163 1163 1199 facit
1194 1158 1376 1199 inii'iriam

217 1222 269 1257 48
342 1217 409 1269 71)
491 1215 620 1256 Mfilto
651 1215 802 1268 turpifis
835 1220 1058 1264 damnatur,
1095 1220 1156 1256 cui
1187 1215 1229 1255 in
1260 1219 1405 1256 delicto
1437 1217 1650 1269 igndscitur

217 1278 269 1313 49
322 1275 390 1326 (N
397 1275 436 1325 2)
485 1276 593 1312 Nihil
625 1272 795 1324 peccant
825 1277 938 1321 oculi,
968 1276 998 1314 si
1029 1274 1184 1313 {mimus
1215 1276 1338 1313 oculis
1370 1272 1538 1325 imperat

217 1335 270 1370 50
322 1332 409 1382 (40)
490 1333 669 1369 Nimium
701 1330 932 1370 {iltercando
963 1329 1105 1370 veritas
1136 1329 1328 1370 amittitur

217 1389 291 1427 51*
324 1388 383 1439 (7)
488 1387 723 1439 Numqua'tm
753 1390 944 1439 periclum
974 1386 1062 1427 sine
1091 1390 1239 1439 periclo
1270 1386 1439 1427 vincitur

217 1449 268 1484 52
321 1446 459 1496 (015)
487 1446 601 1484 Oculi
632 1443 811 1484 amo'rem
842 1447 1042 1496 incipiunt,
1073 1443 1324 1484 cbnsuetudo
1355 1443 1508 1496 perficit

217 1507 269 1541 53
321 1502 380 1554 (ὁ)
486 1500 640 1541 Omnes
671 1516 803 1553 aequo
833 1505 966 1541 animo
998 1501 1138 1553 petent
1169 1505 1236 1541 ubi
1266 1504 1355 1541 iusti
1387 1501 1586 1553 imperant

217 1560 292 1598 54*
324 1559 383 1610 (3)
488 1560 524 1598 O
556 1557 635 1597 vita
669 1562 813 1598 misero
844 1557 974 1610 lbnga,
1006 1557 1109 1599 felici
1140 1562 1269 1598 brevis

217 1617 292 1655 55*
324 1617 453 1667 (P20)
479 1618 573 1655 Pars
604 1614 776 1655 benefici
807 1624 875 1663 est,
907 1619 1017 1667 quod
1047 1614 1193 1667 petitur
1222 1618 1253 1655 si
1284 1614 1386 1655 belle
1417 1631 1537 1668 neges

216 1794 259 1822 34
284 1788 376 1816 laedi
396 1789 437 1817 ab
461 1797 496 1816 eo
523 1788 618 1827 (illo)
644 1797 674 1817 V.
693 1786 713 1817 l.
763 1798 830 1817 non
853 1790 1033 1828 compos-sit
1055 1787 1107 1817 vel
1148 1797 1292 1828 nequeas
1317 1797 1346 1817 v.
1365 1786 1385 1816 l.
1503 1795 1546 1823 35
1576 1798 1650 1818 con-

213 1833 332 1862 silium
358 1836 440 1863 tunc
463 1834 553 1863 deest
575 1843 605 1862 V.
623 1832 644 1863 l.
715 1835 760 1869 36
785 1835 935 1863 iniurias
961 1833 1040 1863 Ver.
1071 1835 1175 1875 seras
1200 1844 1306 1873 quam
1319 1834 1438 1874 facias
1455 1832 1535 1863 Ver.
1606 1841 1649 1869 37

215 1880 364 1908 iniurias
389 1879 468 1908 Ver.
500 1880 616 1920 facies
640 1878 720 1908 Ver.
780 1881 824 1915 38
848 1878 889 1909 cf.
916 1878 1036 1909 Caecil.
1059 1878 1153 1909 Balb.
1181 1877 1234 1918 48,
1260 1877 1278 1908 8
1316 1877 1393 1908 Sen.
1412 1878 1507 1918 epist.
1534 1885 1588 1918 94,
1608 1877 1648 1908 28

216 1922 309 1963 Fulg.
330 1923 434 1964 myth.
464 1932 491 1960 1,
522 1932 532 1954 1
562 1934 593 1964 p.
621 1931 664 1963 30
697 1926 849 1954 inim-sae
872 1934 901 1953 v.
920 1923 940 1954 l.
986 1936 1150 1967 magnum
1175 1926 1326 1954 iniuriae
1359 1935 1388 1954 r.
1414 1934 1438 1953 e.
1465 1925 1526 1954 obl.
1554 1923 1648 1953 Balb.

217 1977 261 2005 39
283 1968 360 1999 Sen.
379 1969 476 2009 epist.
506 1968 579 2006 108,
597 1977 616 2008 9
653 1971 750 2000 nullo
776 1969 872 2000 Publ.
892 1969 923 1999 ll.
950 1977 1078 2010 praeter
1101 1979 1204 2000 unum
1312 1978 1358 2005 4⁰
1383 1968 1467 1999 Gell.
1490 1975 1538 2007 17,
1562 1977 1611 2009 14,
1629 1978 1650 2009 4

216 2014 318 2044 Macr.
337 2020 397 2044 sat.
418 2022 446 2051 2,
466 2021 496 2053 7,
519 2023 557 2045 10
672 2024 711 2051 4¹
741 2015 817 2046 Sen.
844 2015 940 2055 epist.
971 2015 1042 2053 108,
1064 2024 1099 2046 11
1139 2014 1260 2045 Caecil.
1286 2013 1380 2045 Balb.
1407 2022 1456 2050 12,
1474 2013 1493 2044 8
1543 2017 1571 2045 z's
1594 2024 1649 2045 om

216 2059 309 2089 Balb.
347 2063 529 2091 msm'mum
547 2060 643 2090 Balb.
664 2061 738 2099 Syri
755 2060 787 2090 11.
823 2062 981 2092 mortalis
1004 2071 1059 2091 om
1077 2061 1151 2100 Syri
1168 2060 1200 2090 ll.
1228 2059 1375 2100 plerique
1421 2069 1466 2096 42
1491 2059 1576 2090 Gell.
1598 2066 1649 2098 17,

220 2113 269 2144 14,
287 2114 308 2145 4
340 2106 442 2136 Macr.
460 2112 520 2137 sat.
543 2114 571 2142 2,
590 2113 620 2144 7,
644 2114 684 2136 10
719 2107 802 2137 habe
821 2116 905 2136 unus
942 2111 984 2137 ut
1001 2112 1096 2147 posse
1118 2116 1203 2137 unus
1229 2107 1343 2148 faczle
1366 2115 1420 2135 om
1443 2104 1527 2135 Gell.
1545 2106 1648 2136 Macr.

207 2151 297 2191 fieri
317 2160 373 2180 om
398 2161 483 2182 unus
525 2153 616 2182 hunc
641 2163 707 2182 non
733 2155 778 2182 in.
804 2151 879 2193 Syri
902 2151 1069 2193 plerique:
1095 2152 1151 2182 alii
1174 2151 1238 2181 alia
1295 2160 1341 2188 43
1365 2153 1428 2181 ubi
1448 2151 1547 2181 Ver.:
1571 2162 1649 2181 cum

218 2195 285 2225 rell.
327 2208 444 2227 nocens
467 2208 546 2228 cum
569 2207 654 2227 unus
713 2206 758 2234 44
782 2199 844 2228 ubi
863 2199 966 2228 semel
987 2198 1068 2237 Mey
1104 2199 1237 2238 Lapsus
1259 2198 1362 2227 semel
1373 2197 1425 2238 fit
1447 2197 1549 2237 culpa
1564 2206 1649 2227 unus

214 2249 259 2277 45
285 2241 369 2272 Gell.
394 2249 443 2280 17,
465 2251 515 2282 14,
533 2252 553 2282 4
588 2244 768 2274 consilium
795 2247 845 2274 est
875 2253 959 2273 unus
994 2243 1060 2274 det.
1198 2252 1242 2279 47
1276 2245 1534 2273 comminantur
1564 2251 1648 2272 unus

214 2289 454 2318 contumeliam
468 2290 568 2330 facit
589 2288 679 2318 idem
749 2291 794 2324 48
809 2292 907 2320 cuius
922 2290 1084 2319 delictum
1102 2291 1303 2331 agnoscitur
1324 2287 1444 2318 Caecil.
1463 2287 1557 2317 Balb.
1575 2286 1647 2317 coll.

216 2332 294 2361 min.
313 2331 354 2371 63
470 2342 516 2371 49
537 2338 675 2374 peccent
697 2344 726 2364 V.
746 2333 766 2363 l.
807 2336 912 2365 oculis
934 2337 1074 2365 animus
1097 2345 1127 2364 V.
1146 2333 1165 2364 l.
1209 2345 1276 2365 non
1302 2336 1451 2374 imperat
1467 2333 1546 2363 Ver.
1587 2335 1647 2362 im-

210 2382 309 2417 peret
331 2388 361 2407 v.
379 2378 398 2407 l.
448 2387 493 2415 50
517 2379 602 2409 Gell.
624 2385 674 2417 17,
696 2387 746 2419 14,
764 2389 785 2419 4
820 2380 923 2411 Macr.
941 2385 1001 2410 sat.
1021 2388 1051 2417 2,
1071 2386 1100 2419 7,
1123 2387 1162 2410 10
1201 2381 1412 2410 adversando
1430 2378 1509 2409 Ver.
1535 2382 1646 2409 contra

217 2421 282 2452 rell.
308 2422 341 2452 ll.
367 2429 400 2453 et
425 2423 510 2454 Gell.
537 2425 639 2455 Macr.
675 2428 848 2455 evertitur
872 2435 901 2455 v.
919 2424 939 2455 1.
1029 2434 1066 2462 51
1098 2424 1182 2456 Gell.
1201 2425 1304 2455 Macr.
1324 2423 1355 2454 ll.
1374 2434 1418 2454 cc.
1452 2424 1646 2464 periculum

217 2491 223 2497 .
251 2492 256 2496 .
285 2492 290 2497 .
311 2471 466 2508 periculo
491 2469 523 2499 ll.
606 2479 649 2506 52
673 2471 766 2501 oculi
789 2469 951 2512 (occulte)
979 2471 1031 2502 vel
1078 2482 1227 2501 amorem
1255 2468 1403 2512 (subito)
1431 2469 1512 2510 Mey
1603 2475 1646 2504 53

217 2514 303 2542 iusti
323 2513 421 2544 Ver.:
447 2516 551 2556 dzjgrnz'
573 2516 672 2555 stus),
697 2518 779 2547 boni
797 2526 827 2545 v.
846 2515 866 2546 1.
916 2519 1065 2557 imperat
1088 2527 1117 2546 V.
1136 2515 1156 2546 1.
1250 2524 1294 2553 54
1318 2515 1395 2546 Sen.
1420 2520 1522 2545 contr.
1550 2520 1578 2551 7,
1607 2512 1645 2542 18

218 2560 325 2588 vz'tam
353 2583 359 2589 .
386 2583 393 2590 .
419 2584 427 2591 .
455 2561 592 2601 longam
618 2581 625 2587 -
652 2585 658 2591 .
686 2586 692 2591 .
718 2564 853 2592 brevem
877 2561 952 2600 Syri
969 2561 1001 2592 ll.
1087 2570 1131 2598 55
1157 2561 1241 2592 Gell.
1264 2568 1314 2599 17,
1337 2569 1387 2601 14,
1406 2569 1426 2600 4
1457 2559 1558 2589 Macr-
1584 2564 1644 2588 sat-

219 2609 248 2637 2,
267 2608 298 2640 7,
320 2611 357 2633 10
394 2606 476 2635 belle
499 2605 573 2643 Syri
597 2615 694 2636 unus:
722 2609 800 2638 bene
823 2606 898 2645 Syri
921 2606 1021 2637 alter:
1055 2608 1141 2637 velle
1165 2606 1250 2637 Gell.
1276 2605 1329 2637 11.:
1361 2608 1426 2636 cito
1451 2605 1553 2635 Macr.
