1747 2865
219 81 241 119 3
251 81 270 106 2
840 71 874 100 Q.
895 71 1032 94 ENNIVS

848 246 1029 273 SCENICA

221 323 302 358 220
336 323 370 368 (1
390 331 427 355 ss
455 317 593 355 Scenz'c.
621 316 658 356 V,
673 315 702 366 2)
721 316 896 365 exsurge,
914 328 1071 365 praeco,
1088 317 1152 354 fac
1164 318 1314 366 populo
1327 318 1582 355 audientiam.
1601 341 1656 344 —

495 373 686 423 sileteque
718 380 756 410 et
785 373 915 410 tacete
945 379 1065 422 atque
1096 374 1275 411 animum
1306 374 1518 412 advertite:

494 430 636 468 audire
669 430 778 467 iubet
808 443 878 467 vos
908 430 1127 479 imperator

225 494 303 529 221
337 488 395 539 (5)
496 488 650 525 interea
680 487 868 525 mortales
898 487 1000 524 inter
1030 487 1118 525 sese
1148 494 1328 537 pugnant
1357 487 1553 538 proe'liant

223 551 303 586 222
337 545 395 597 (6)
496 544 610 583 serva
641 545 754 589 cives,
787 544 961 582 defende
991 545 1137 590 hostes,
1173 546 1264 582 cum
1295 551 1409 594 potes
1441 545 1658 583 defendere

226 608 304 644 223
337 603 376 653 (7
395 602 449 653 ss)
1048 602 1248 639 summam
1278 609 1321 639 tu
1352 603 1421 639 tibi
1451 603 1522 652 pro
1553 603 1659 640 mala

496 659 578 696 vita
610 660 759 696 famam
791 658 953 695 extolles
986 665 1025 696 et
1053 671 1127 708 pro
1157 659 1263 696 bona
1284 666 1463 708 paratam
1484 660 1657 709 gloriam.

496 716 600 753 male
622 716 800 753 volentes
822 716 971 752 famam
993 716 1146 761 tollunt,
1172 715 1276 754 be'ne
1297 717 1476 754 volentes
1496 716 1659 766 gloriam

225 779 306 814 224
339 773 454 824 (IOS)
783 785 855 822 per
886 784 960 822 ego
992 773 1114 810 deum
1145 774 1334 811 sublimas
1366 774 1522 811 subices

498 830 665 875 umidas,
697 830 806 866 unde
838 829 957 866 oritur
986 830 1113 868 imber
1142 830 1273 867 so'nitu
1303 843 1424 868 saevo
1456 837 1495 867 et
1521 830 1660 880 spiritu

225 893 306 927 225
340 887 426 937 (12)
501 886 549 924 eo
581 900 654 936 ego
686 887 844 936 ingenio
876 887 992 924 natus
1013 900 1121 924 sum:
1154 888 1367 924 amicitiam
1389 888 1509 937 atque
1529 888 1658 924 inimi-

811 944 942 980 citiam
974 943 1016 980 in
1047 945 1219 981 frontem
1250 945 1479 994 promptam
1509 957 1602 994 gero

500 1014 580 1051 quo
612 1001 719 1038 minc
749 1001 899 1037 incerta
929 1013 971 1038 re
1003 1001 1124 1050 atque
1154 1002 1308 1039 inorata
1337 1003 1505 1051 gradum

500 1058 709 1108 regredere
740 1058 915 1095 conare?

230 1007 250 1041 Ιὴδ

259 1007 279 1041 [U

285 1007 308 1041 a

350 1047 353 1051 ν
364 1014 376 1038 1-4

388 1025 409 1049 Q

424 1014 441 1039 (l)

446 1001 457 1052 V

227 1121 306 1155 227
341 1116 427 1166 (17)
499 1137 526 1151 o
545 1148 571 1152 -
602 1116 669 1165 qui
700 1127 783 1152 rem
815 1128 905 1151 cum
938 1115 1101 1152 Achivis
1131 1115 1338 1165 gesserunt
1367 1116 1496 1152 statim

227 1178 307 1213 228
342 1172 428 1223 (19)
500 1173 636 1210 lumen
666 1172 832 1209 iubarne
862 1172 902 1208 in
933 1172 1045 1209 caelo
1077 1184 1197 1210 cerno
1230 1173 1284 1210 Ρ-
1304 1193 1333 1210 ψ
1352 1204 1378 1209 -

228 1235 309 1269 229
343 1230 429 1280 (20)
502 1230 627 1267 Aiax:
661 1230 781 1267 misso
812 1229 1005 1278 sanguine
1035 1230 1171 1278 tepido
1202 1230 1299 1266 tullii
1325 1229 1506 1267 efflantes
1528 1230 1663 1267 volant

230 1292 310 1328 230
344 1293 410 1337 (522
429 1286 482 1337 ss)
501 1288 632 1324 multis
653 1300 741 1324 sum
762 1287 894 1323 modis
916 1286 1221 1332 circumventus,
1242 1287 1382 1324 morbo
1405 1287 1520 1324 exilio
1541 1293 1663 1336 atque

1446 1343 1604 1393 inopia;

503 1402 588 1438 tum
629 1413 755 1450 pavor
789 1400 1025 1450 sapientiam
1057 1413 1219 1438 omnem
1251 1401 1302 1437 mi
1336 1400 1563 1438 exanimato
1595 1412 1662 1437 ex-

1407 1458 1607 1507 pectorat:

503 1516 601 1552 alter
631 1515 845 1553 terribilem
876 1515 1048 1552 minatur
1079 1514 1185 1552 vitae
1207 1515 1421 1552 cruciatum
1444 1515 1482 1552 et
1502 1527 1665 1562 necem;

505 1572 608 1622 quae
625 1585 747 1610 nemo
765 1579 824 1610 est
839 1579 921 1609 tam
938 1572 1056 1609 firmo
1073 1572 1233 1621 ingenio
1247 1578 1285 1609 et
1296 1572 1408 1609 tanta
1422 1572 1667 1609 confidentia

505 1629 603 1679 quin
624 1630 790 1679 refugiat
811 1629 955 1667 timido
977 1641 1155 1678 sanguen
1178 1629 1296 1678 atque
1313 1629 1541 1666 exalbescat
1557 1635 1666 1666 metu

231 1787 298 1808 220
330 1777 439 1808 Plaut.
467 1778 572 1809 Poen.
598 1777 680 1818 prol.
712 1786 761 1807 11.
792 1785 844 1817 3s
880 1776 1115 1815 (Achilles,
1151 1776 1359 1807 Achilles
1396 1775 1666 1815 Aristarchi)

231 1824 448 1864 pronuntiant
484 1831 495 1853 1
525 1822 690 1859 hiso-icus,
728 1831 773 1853 2s
798 1832 918 1864 praeco
1053 1831 1114 1853 221
1144 1823 1235 1853 Non.
1262 1828 1326 1862 472
1385 1825 1469 1859 inta,
1495 1824 1545 1852 ita
1568 1821 1666 1852 codd.

231 1878 297 1899 222
323 1869 414 1899 Non.
441 1875 502 1907 277
660 1877 728 1905 223
751 1868 831 1899 Isid.
860 1868 934 1899 diff.
964 1867 1026 1898 218
1052 1878 1084 1909 p.
1112 1876 1153 1907 29
1178 1869 1280 1898 AreV.
1331 1876 1348 1898 2
1368 1874 1437 1909 pro
1463 1868 1556 1898 mala
1580 1869 1665 1909 v.f.

228 1916 367 1945 extolles
386 1921 455 1956 pro
484 1917 511 1945 b.
532 1919 679 1955 partam
698 1926 734 1957 g.
760 1914 888 1945 mavult
905 1914 1010 1944 Ribb.
1054 1922 1071 1953 3
1099 1914 1149 1944 bis
1166 1913 1340 1945 viventes?
1399 1922 1466 1949 224
1491 1913 1582 1943 Fest.
1601 1920 1665 1953 305

231 1960 316 1991 Gell.
331 1970 364 2000 4,
389 1967 439 1998 17,
462 1969 501 2000 14
526 1961 617 1990 Non.
641 1959 703 1999 169
729 1962 845 2001 (usque
869 1960 913 1990 ad
937 1961 1054 1999 imber)
1108 1968 1119 1989 Ι
1147 1960 1312 1990 sublimas
1336 1969 1391 1990 om
1416 1959 1508 1989 Fest.
1544 1960 1668 1990 subicis·

230 2006 340 2036 Nom:
359 2008 498 2037 subz'ices
523 2006 568 2036 V.
617 2003 733 2037 ‘nubes
756 2003 931 2037 subz'ectas’
974 2014 992 2035 2
1018 2007 1180 2036 humidas
1205 2004 1290 2036 Gell.
1332 2006 1410 2035 inde
1433 2005 1461 2034 F
1465 2010 1524 2034 est.
1563 2009 1596 2034 et
1611 2014 1667 2034 om

230 2052 258 2081 F
263 2057 322 2082 est.
371 2054 519 2093 strepitu
544 2051 629 2082 Gell.
747 2061 814 2088 225
839 2051 924 2083 Gell.
959 2059 1008 2090 19,
1035 2051 1065 2087 8,
1090 2049 1109 2081 6
1158 2051 1249 2081 Non.
1284 2058 1345 2089 129
1391 2050 1493 2080 verba
1525 2049 1668 2080 Achillis

230 2098 271 2128 cf.
291 2095 429 2129 Hom.I
456 2105 520 2137 312
569 2109 627 2139 ego
652 2107 706 2127 om
734 2097 819 2128 Gell.
857 2099 988 2140 fronte
1011 2107 1041 2126 v.
1067 2096 1088 2126 l.
1164 2098 1232 2127 226
1254 2096 1346 2126 Non.
1377 2095 1438 2126 166
1487 2092 1667 2127 ‘revocare’

230 2152 296 2180 227
330 2144 421 2174 Non.
448 2151 525 2183 393,
555 2151 594 2184 14
631 2144 765 2182 (Aiax)
807 2139 1088 2184 ‘perseveranter’
1127 2138 1373 2183 ‘aequabiliter'
1415 2141 1484 2172 scil.
1527 2142 1672 2172 Troiani

230 2191 298 2219 228
322 2189 420 2219 Varr.
447 2188 525 2229 ling.
553 2188 584 2226 6,
611 2187 641 2219 6.
670 2188 722 2219 81.
752 2196 780 2227 7,
801 2187 842 2227 76
978 2197 1045 2225 229
1069 2188 1160 2219 Fest.
1179 2194 1243 2228 352
1292 2190 1446 2218 animam
1472 2199 1516 2218 m.
1539 2190 1673 2229 sangui

232 2235 408 2265 Hermann
449 2231 578 2265 ‘silani‘
595 2231 692 2265 ‘rivi'
763 2243 830 2271 23⁰
855 2234 922 2265 Cic.
935 2233 946 2251 ¹
965 2234 1006 2264 de
1023 2240 1104 2265 orat.
1124 2242 1155 2273 3,
1175 2232 1238 2263 218
1295 2241 1307 2263 1
1325 2247 1368 2259 =
1383 2232 1451 2264 Cic.
1478 2231 1559 2263 2fin.
1575 2242 1607 2272 4,
1624 2231 1666 2263 62

233 2288 249 2309 2
278 2295 320 2306 z
347 2278 439 2311 Cic.³
464 2280 505 2311 de
524 2285 606 2311 orat.
628 2287 659 2320 3,
683 2288 743 2321 154
769 2279 891 2311 ⁴Tusc.
911 2289 941 2320 4,
964 2288 1003 2320 19
1028 2278 1141 2310 Non.¹
1165 2278 1205 2310 16
1267 2286 1282 2319 5
1310 2293 1353 2304 =
1379 2278 1448 2309 Cic.
1475 2277 1556 2308 ⁵fin.
1576 2285 1606 2318 5,
1624 2286 1663 2318 31
1688 2284 1691 2287 ⁴

232 2326 272 2355 cf.
300 2324 416 2357 Νοη.2
443 2333 507 2366 224
539 2326 641 2356 Prisc.
669 2326 730 2357 GL
754 2326 789 2356 Π
817 2333 882 2366 250
930 2325 1137 2363 (Alcmeo,
1162 2322 1345 2367 Ἀλκμέων
1370 2322 1387 2356 ὁ
1414 2321 1471 2356 διὰ
1498 2320 1667 2367 Ψωφίδος

234 2371 403 2411 Euripidis
413 2372 437 2410 ?)
461 2371 605 2402 Alcmeo
636 2371 782 2412 loquitur
834 2379 846 2401 1
877 2373 998 2402 multis
1023 2372 1129 2402 modis
1152 2381 1229 2402 sum
1254 2368 1345 2401 Cic.¹
1371 2370 1491 2409 integri
1515 2366 1667 2407 (Cic.2?)‚

233 2417 323 2446 unde
349 2419 562 2448 multimodis
585 2429 663 2448 sum
680 2417 755 2448 coni
772 2417 847 2447 edd.
875 2417 927 2455 (cf.
943 2417 1012 2448 Cic.
1026 2427 1073 2447 or.
1097 2418 1170 2457 153)
1214 2424 1231 2446 2
1250 2415 1474 2447 mz'lzz'tradd.:
1500 2425 1555 2445 om
1574 2413 1666 2445 Cic.1

233 2462 345 2492 mutili
391 2465 482 2494 milzz'
502 2475 634 2494 omnem
660 2461 753 2494 Cic.3
776 2473 806 2492 V.
832 2462 853 2492 l.
895 2474 1025 2493 omnem
1049 2474 1075 2493 s.
1102 2465 1153 2493 mi
1173 2460 1288 2492 Non.1
1313 2472 1343 2491 v.
1362 2461 1382 2491 l.
1422 2473 1464 2492 ex
1480 2463 1598 2490 anima
1613 2471 1667 2490 ex-

228 2512 383 2547 pectaret
414 2509 635 2550 (expectoret)
662 2507 755 2539 Cic.4
810 2516 827 2548 3
854 2510 944 2539 alter
975 2518 1031 2539 om
1066 2506 1157 2539 Cic.l
1191 2507 1318 2538 mutili:
1354 2511 1463 2538 mater
1487 2504 1665 2536 Ribbeck:

234 2554 331 2583 ultor
344 2554 388 2584 V.
427 2557 614 2586 minitatur
627 2553 718 2585 Cic.¹
736 2554 855 2594 integri
894 2561 910 2594 5
933 2565 999 2584 non
1006 2556 1133 2597 fugiat
1145 2551 1260 2584 Non.2
1295 2555 1465 2594 sanguine
1476 2550 1567 2582 Cic.¹
1581 2561 1612 2581 v.
1626 2550 1666 2580 l.:

233 2602 376 2640 sanguis
401 2597 494 2630 Cic-5
